2086 3470
907 170 1189 213 ‚33-

233 307 332 350 Aen.
366 308 447 350 VII
476 308 559 351 586
589 308 659 350 ille
696 308 804 350 velut
827 308 970 362 pelayi
1006 321 1130 360 rupes
1160 308 1331 349 immota
1360 307 1527 358 resistit,

436 380 482 418 ut
503 376 649 431 pelayi
678 389 803 429 rupes
831 389 982 430 mayuo
1015 375 1189 418 oem'cute
1216 376 1386 430 frctyore

437 458 540 497 quae
569 458 656 486 sese
685 444 829 486 multis
859 443 1269 486 circumlatrantibus
1297 442 1424 485 undis

438 513 541 555 mole
571 516 676 554 tenet
703 512 864 566 scopuli
893 513 1164 565 nequicquam
1194 515 1231 554 et
1258 525 1429 565 spumea
1461 513 1616 554 circum

437 595 546 623 sama
572 581 759 635 fremunt
789 581 988 635 laterique
1018 581 1133 623 illisa
1162 580 1402 633 refhmclitur
1432 580 1530 635 alqa

236 650 337 692 Aen.
370 650 408 691 X
438 650 522 692 693
553 650 623 692 ille
653 649 763 692 velut
790 663 925 703 rupes,
960 653 1122 691 vastum
1152 663 1256 703 quae
1278 649 1426 702 prodit
1454 650 1499 692 in
1530 663 1684 703 aequor

438 718 559 760 obvia
587 721 799 761 ventorum
816 718 969 772 furiis,
1003 721 1402 771 e:tpostaque,12022to

440 787 523 828 ¹cim
554 789 742 828 cunctam
772 790 892 840 atque
921 788 1060 828 minas
1082 787 1247 841 perfert
1275 786 1454 839 caelique
1483 787 1706 840 marisque,

440 855 534 908 ipsa
563 855 735 896 immota
763 868 945 896 maneus.

237 923 314 967 Ov.
346 935 449 967 rem.
496 935 575 965 am.
620 923 703 965 692
747 927 794 965 ut
824 923 933 976 lapis
978 924 1191 976 aequoreis
1229 923 1410 976 undique
1431 924 1585 977 pulsus
1615 923 1738 977 aquis
1767 926 1866 967 met.

236 992 308 1034 IX.
330 991 399 1043 40,
421 991 537 1033 haud
555 1004 672 1034 secus
697 1004 745 1033 ac
760 992 887 1034 moles
906 1005 1057 1046 mayno
1073 1005 1198 1044 quam
1218 1005 1433 1034 murmure
1448 993 1600 1044 fluctus
1616 995 1868 1046 oppuqnant,

236 1064 374 1102 manet
393 1060 470 1102 illa
489 1073 644 1114 suoque
663 1064 723 1102 est
742 1061 929 1113 pondere
950 1064 1050 1102 tuta.
1100 1061 1172 1102 XI.
1197 1061 1282 1104 330
1310 1075 1414 1113 quae
1436 1064 1561 1114 pater
1591 1060 1706 1103 haud
1733 1060 1868 1112 aliter,

237 1142 362 1181 quam
411 1132 549 1170 cautes
593 1142 814 1170 murmura
850 1130 974 1181 pontt
1025 1130 1174 1182 accipit
1222 1129 1323 1171 XIII
1372 1130 1453 1172 801
1507 1129 1574 1171 lus
1618 1128 1871 1171 immobilior

237 1197 430 1250 scopulis:
481 1195 601 1238 Hanc
630 1197 857 1250 imaginem
887 1197 1102 1250 Euphorio
1134 1210 1297 1251 quoque
1325 1198 1360 1240 si
1392 1197 1492 1251 quid
1525 1197 1646 1240 video
1678 1196 1871 1239 adhibuit

239 1265 280 1307 in
313 1277 363 1307 eo
394 1265 517 1316 libro,
549 1277 672 1318 quem
704 1269 852 1307 contra
882 1265 1190 1307 Theodoridam
1222 1266 1404 1319 scripsit.
1464 1266 1544 1308 Est
1575 1266 1685 1308 enim
1715 1264 1767 1310 fr.
1799 1265 1826 1308 3

376 1336 463 1387 ζάψ
489 1335 532 1375 δὲ
560 1336 649 1375 ποτὶ
682 1337 935 1376 σπιλάδεσσιν
965 1339 1062 1375 νεῶν
1090 1334 1262 1387 ‹Halm-1914
1289 1338 1440 1377 κακύιέι
1490 1334 1562 1376 ubi
1611 1333 1872 1377 Meineckius

240 1415 318 1455 pro
335 1406 488 1444 κακύιέι
507 1402 683 1444 verbum
704 1403 897 1456 requirit,
921 1402 1044 1456 quale
1061 1407 1126 1445 est
1152 1405 1375 1457 καχλάζειν.
1402 1403 1493 1456 Ego
1515 1415 1593 1456 pro
1606 1406 1758 1444 κακύιέι
1777 1390 1872 1455 lego

228 1474 402 1531 *naucvqp
433 1475 500 1513 est
530 1471 640 1513 enim
663 1470 714 1514 fr.
738 1484 789 1513 ex
811 1471 1128 1524 comparatione
1150 1471 1432 1524 desumptum,
1455 1472 1572 1514 cuius
1592 1471 1660 1513 hic
1690 1470 1874 1513 fortasse

240 1539 372 1582 fuerit
401 1551 571 1582 cursus:
611 1543 659 1581 ut
690 1543 833 1582 aestus
877 1539 977 1582 licet
1022 1552 1152 1582 naves
1192 1539 1374 1592 perdere
1419 1540 1555 1593 possit
1583 1564 1639 1569 —
1669 1540 1731 1582 ita
1761 1539 1873 1581 euim

242 1613 341 1650 νεῶν
367 1607 539 1662 ὀλέτειρα
574 1607 824 1650 vertendum
870 1620 962 1650 esse
1006 1612 1109 1660 puto
1139 1632 1195 1636 —
1240 1608 1344 1650 nihil
1376 1608 1491 1651 valet
1520 1609 1563 1650 in
1599 1608 1690 1651 saxi
1720 1607 1874 1650 molem

242 1676 485 1729 frustraque
516 1688 609 1718 eam
632 1676 779 1728 allidit,
803 1676 864 1718 ita
895 1680 942 1718 tu
973 1689 1150 1730 qnoque,
1174 1676 1453 1728 Theodorida,
1474 1676 1576 1719 licet
1596 1676 1700 1719 viles
1730 1676 1874 1718 vincas

245 1745 489 1798 scriptores,
522 1745 564 1786 in
596 1756 662 1787 me
693 1745 798 1786 nihil
830 1745 959 1787 vales.
1020 1745 1075 1786 Et
1106 1757 1157 1787 ne
1189 1745 1253 1786 cui
1286 1745 1479 1787 videatur
1510 1744 1753 1788 inusitatius
1793 1743 1875 1786 dici

244 1815 332 1866 ζάψ
370 1815 608 1854 κακύνεσθαι
664 1813 811 1855 eadem
851 1813 1062 1855 sententia
1102 1817 1223 1855 extra
1263 1814 1623 1866 comparationem
1666 1817 1731 1855 est
1761 1811 1874 1866 apud

243 1880 470 1923 Horatium
511 1894 543 1923 c.
583 1881 613 1924 Ι.
648 1882 714 1931 11,
757 1882 783 1924 5
813 1881 953 1932 hiems,
997 1895 1102 1935 quae
1140 1896 1249 1923 uzone
1294 1881 1488 1934 oppositis
1532 1881 1713 1924 debilitat
1760 1894 1876 1923 mare

234 1949 486 2003 Jmmtcibus.
547 1949 658 1992 Saxa
700 1950 895 1992 cadentia
937 1950 1187 1992 exhibentur
1232 1950 1334 1992 Aen.
1378 1951 1416 2001 9,
1463 1951 1546 1993 710
1583 1950 1680 1992 talis
1709 1950 1754 1991 iu
1783 1948 1874 1991 Eu-

246 2019 355 2060 boi-co
400 2018 616 2060 Baiarum
660 2018 776 2060 litore
820 2019 1030 2072 quondam
1074 2033 1203 2060 saoeea
1237 2019 1333 2071 pila
1362 2018 1482 2060 cadit.
1533 2018 1626 2062 XII.
1659 2018 1755 2062 684.
1801 2031 1876 2071 „ae

245 2086 369 2128 'veluti
397 2086 549 2128 montis
578 2100 730 2128 samum
752 2087 800 2128 de
819 2087 963 2128 vertice
983 2100 1184 2139 praeceps
1205 2101 1296 2128 cum
1324 2086 1410 2127 ruit
1440 2075 1630 2128 avulsum
1660 2089 1774 2129 vento
1803 2099 1877 2128 seu

245 2156 438 2198 turbidus
481 2156 610 2197 imber
630 2155 793 2208 proluit
823 2159 896 2197 aut
924 2155 1048 2197 armis
1077 2155 1198 2198 solvit
1226 2156 1433 2208 sublapsa·
1455 2156 1674 2197 vetustas“.
1733 2154 1875 2197 Etiam

247 2224 399 2278 lapidis
428 2223 478 2266 fit
507 2237 607 2266 usus
639 2224 680 2265 in
724 2224 1122 2277 comparationibus,
1163 2227 1211 2266 ut
1250 2224 1456 2277 temporis
1496 2235 1603 2277 quae
1650 2224 1706 2266 sit
1746 2223 1877 2266 etiam

246 2293 291 2334 in
320 2305 392 2336 res
422 2293 671 2335 durissimas
702 2293 766 2335 vis
797 2296 840 2334 et
869 2293 1074 2345 potentia,
1106 2292 1368 2334 illustretur:
1409 2293 1499 2334 Tib.
1532 2292 1566 2343 I,
1597 2292 1636 2345 4,
1671 2292 1724 2334 18
1753 2292 1878 2346 louya

247 2360 334 2403 dies
363 2360 478 2402 molti
505 2374 613 2402 saxa
632 2361 794 2413 peredit
824 2374 945 2413 aqzm,
976 2361 1101 2413 Prop.
1142 2361 1201 2402 ΠΙ
1237 2361 1304 2411 20,
1338 2361 1390 2403 16
1419 2359 1566 2402 teritur
1587 2373 1724 2412 parvo
1753 2373 1874 2413 saepe

247 2430 404 2482 liquore
431 2430 546 2481 silem,
578 2429 632 2471 id.
670 2430 719 2472 V.
742 2430 781 2482 5,
806 2430 870 2471 19.
903 2429 1098 2471 exorabat
1125 2443 1229 2482 opus
1258 2429 1391 2471 verbis
1411 2443 1481 2471 ceu
1510 2429 1664 2470 blcmda
1688 2431 1880 2481 pererrat
1925 2444 1927 2446 ·

249 2512 524 2552 saxosamque
564 2497 657 2540 terit
694 2498 839 2540 sedala
879 2498 1049 2551 lympha
1084 2497 1205 2539 viam.
1267 2498 1342 2540 Ov.
1390 2511 1426 2539 a.
1474 2510 1554 2539 am.
1598 2497 1630 2539 I.
1662 2497 1747 2540 475
1778 2497 1879 2551 quid

249 2567 384 2621 massis
413 2569 472 2609 est
501 2580 602 2608 saxo
633 2566 799 2618 durum,
840 2566 940 2618 quid
969 2566 1134 2607 mollius
1163 2567 1291 2617 unda,
1323 2566 1433 2608 (Iura
1461 2569 1596 2607 tamen
1626 2565 1741 2607 molli
1770 2579 1879 2608 saxa

250 2638 452 2676 cavantur
482 2648 604 2687 aqua,
637 2634 736 2678 ibid.
760 2634 834 2676 III.
858 2635 910 2677 91
941 2634 1075 2676 silices
1095 2637 1317 2676 tenuantur
1348 2635 1398 2676 ab
1428 2648 1510 2675 usu
1539 2646 1573 2676 c.
1596 2634 1642 2676 P.
1674 2634 1705 2675 I.
1741 2634 1776 2686 1,
1810 2635 1877 2677 70.

250 2703 441 2757 aequorei
468 2703 657 2756 scopulos
686 2706 731 2744 ut
761 2706 878 2744 cavat
907 2703 1023 2744 unda
1052 2703 1157 2744 salis
1187 2703 1285 2745 ibid.
1315 2703 1370 2753 II,
1402 2703 1440 2754 7,
1475 2703 1530 2745 39
1561 2705 1684 2756 utque
1714 2701 1880 2744 caducis

242 2785 448 2826 percussu
477 2772 615 2814 crebro
646 2786 754 2814 saxa
781 2775 982 2813 cavantur
1013 2772 1145 2825 aquis,
1192 2771 1290 2815 ibid.
1329 2771 1400 2813 IV.
1435 2772 1500 2824 10,
1532 2771 1558 2813 5
1602 2774 1720 2825 yrotta
1763 2773 1882 2813 cavat

253 2840 443 2894 lapidem.
514 2840 657 2883 Sucini
714 2841 894 2882 vitream
936 2841 1283 2893 perspicuitatem
1335 2840 1487 2882 leviter
1531 2840 1706 2892 attingit
1753 2839 1880 2881 Calli-

253 2909 426 2951 machus
447 2909 557 2962 hym.
590 2909 632 2950 in
655 2909 774 2951 Delu.
799 2910 865 2960 29,
899 2912 942 2950 τὸ
958 2910 1089 2950 δ’(ὅστ’
1110 2908 1330 2962 ἅλέκτρινσν
1356 2908 1462 2962 ὕδωρ
1480 2909 1521 2957 ἐξ
1541 2910 1702 2961 (ἰμαρᾶν
1720 2908 1879 2949 α’νέθνε.

255 2978 454 3019 Gemmas
503 2978 654 3030 quibus
712 2981 864 3030 poetae
924 2980 1138 3019 nostrates
1184 2977 1225 3018 in
1285 2976 1539 3029 imaginibus
1589 2975 1880 3018 lubentissime

254 3049 433 3088 utuntur
474 3045 695 3098 fingendis,
727 3045 779 3087 ab
820 3053 902 3087 nno
934 3045 1122 3097 Vergilio
1167 3047 1550 3086 commemorantur
1580 3044 1683 3087 Aen.
1715 3043 1765 3085 X.
1799 3042 1882 3084 134

255 3113 391 3167 qualis
418 3127 580 3167 qermna
608 3113 732 3155 micat
749 3114 1000 3169 fulvumque
1039 3113 1184 3155 dividit
1214 3126 1367 3154 aurum
1396 3115 1469 3154 aut
1510 3111 1609 3154 collo
1652 3111 1772 3155 decus
1809 3113 1881 3152 aut
