2086 3470
883 169 1168 211 *ll-

202 319 299 352 nam
331 307 410 350 lioc
441 306 532 349 loco
563 318 646 348 non
684 310 771 349 tam
804 306 991 349 colorem
1035 311 1165 360 poeta
1196 310 1377 359 spectat,
1421 319 1548 360 quam
1581 306 1722 349 subito
1755 318 1852 348 eum

202 376 350 420 venire
388 379 433 419 et
462 388 612 418 rursus
653 387 922 418 evanescere.
985 375 1182 418 Meridiei
1225 375 1384 418 candor
1416 375 1616 418 laudatur
1660 374 1748 417 her.
1787 375 1852 419 15.

128 468 134 475 ·
201 446 302 491 318.
334 444 555 488 candid-ior
585 444 718 486 medio
747 459 831 486 mm:
867 445 945 486 erit
974 445 1050 486 illa
1081 444 1158 487 die.
1218 443 1410 496 Noctem,
1453 457 1562 499 quae
1604 445 1646 487 iu
1677 444 1854 486 Homeri

201 515 459 569 imaginibus
509 515 680 568 saepius
729 514 868 556 locum
917 514 1070 557 habet:
1123 515 1170 565 A„
1203 514 1272 556 47.
1335 517 1440 556 νυκτὶ
1466 515 1599 564 ἐοικώς
1652 518 1685 555 λ.
1714 520 1803 559 606.
1833 516 1853 555 ὁ

202 586 391 644 δ’ἐρεμνῇ
418 587 525 627 νυκτὶ
550 586 683 636 ἐοικώς
709 608 765 614 -
797 587 950 637 poetae
982 584 1159 637 elegiaci
1191 583 1317 637 plane
1348 584 1599 626 omiserunt.

342 733 483 789 Solis,
523 735 608 788 qui,
652 738 701 776 ut
743 734 804 776 ait
837 734 1013 776 Ovidius
1057 738 1156 776 met.
1190 734 1220 775 Ι.
1257 734 1351 785 135,
1395 733 1590 775 omnibus
1634 736 1701 775 est
1742 745 1856 774 com-

205 803 358 856 munis,
390 803 591 858 perpetui
622 815 772 845 cursus
804 815 900 845 cum
942 803 1028 844 sint
1066 802 1109 844 in
1140 802 1293 844 Licinii
1325 802 1446 845 Calvi
1486 801 1729 855 fragmento
1770 805 1858 844 tre-

205 873 392 917 decimo:
435 872 499 915 sol
528 886 686 925 quoque.
716 875 941 925 purpetuos
980 871 1165 914 meminit
1204 871 1456 924 requiescere
1486 869 1707 926 cursetsgffi)
1748 882 1858 924 quae

205 941 339 985 verba
369 954 462 985 esse
493 941 573 984 Jus
603 941 730 983 finem
761 931 958 983 errorum
982 940 1266 984 desiderantis
1298 941 1512 983 Lucianus
1532 940 1689 982 Miiller
1720 940 1858 993 suspi-

205 1014 340 1064 catur,
372 1011 443 1054 vix
475 1010 650 1054 dubium
681 1010 786 1053 mihi
818 1010 987 1052 videtur
1019 1022 1124 1062 esse,
1159 1010 1274 1064 quin,
1315 1010 1386 1064 qui
1420 1023 1471 1052 ea
1502 1010 1735 1052 memoriae
1767 1020 1857 1051 ser-

206 1081 336 1133 vavit,
399 1080 574 1123 Servius
605 1092 658 1123 ex
688 1080 923 1133 imaginum
955 1079 1064 1122 serie
1097 1093 1148 1122 ea
1179 1080 1458 1133 decerpserit,
1492 1092 1576 1133 qna
1607 1082 1860 1121 enumerata

204 1150 412 1204 petiverit
441 1149 508 1203 Jo,
551 1162 647 1192 cum
679 1162 826 1191 omnes
866 1149 1047 1203 denique
1088 1149 1142 1192 ad
1171 1149 1298 1192 finem
1342 1149 1535 1192 laborum
1568 1148 1857 1202 pervenirent,

206 1222 256 1262 ut
285 1218 367 1262 sibi
397 1231 565 1274 quoque
595 1219 770 1262 tandem
801 1219 1074 1272 requiescere
1106 1219 1271 1261 liceret.
1321 1218 1472 1272 Vigori
1505 1217 1724 1260 radiorum
1757 1216 1858 1259 solis

205 1287 506 1332 fortitudinem
536 1288 618 1331 viri
650 1292 873 1341 comparat
905 1288 1194 1331 Mimnermus.
1230 1289 1296 1331 14.
1332 1289 1397 1331 11.
1446 1290 1500 1330 ὅτ’
1533 1290 1700 1346 αὐγῇσιν
1727 1287 1858 1342 φέροι]

207 1355 354 1408 εἴκελος
381 1358 535 1413 ἠελίοιο.
596 1357 724 1400 Nitor
754 1357 855 1400 solis
886 1357 971 1399 iani
1003 1357 1117 1411 apud
1148 1357 1382 1400 Homerum
1414 1369 1542 1411 saepe
1574 1360 1642 1399 est
1672 1356 1714 1398 in
1746 1368 1860 1397 com-

206 1425 518 1479 parationibus,
551 1426 627 1469 sed
648 1427 710 1469 ita
742 1431 789 1469 ut
820 1430 948 1480 poeta
979 1438 1062 1468 non
1085 1427 1336 1480 neglexerit,
1371 1426 1501 1469 alium
1533 1438 1627 1468 esse
1649 1425 1745 1468 aliis
1776 1424 1860 1467 diei

207 1494 473 1550 temporibus
513 1496 615 1538 SOllS
646 1496 844 1538 colorem.
906 1496 1078 1538 Etenim
1110 1498 1160 1540 K.
1192 1496 1276 1539 547
1311 1497 1452 1552 (ἵπποι)
1481 1498 1599 1546 αἰνῶς
1626 1496 1862 1537 (ἰκτίνέσσιν

207 1566 375 1616 ἐοικότες
403 1566 545 1622 ἠελίοιο
573 1577 612 1611 et
639 1566 679 1610 Ξ
706 1573 780 1612 185
808 1569 946 1608 λευκὸν
973 1562 1064 1621 δ’ἧν
1105 1567 1230 1622 ἠέλιος
1258 1566 1311 1617 (ὅς
1342 1566 1614 1620 splendorem
1645 1563 1862 1607 albescen÷

209 1637 298 1677 tem
329 1634 513 1689 intelligi
535 1636 640 1687 vult,
675 1640 824 1678 contra
854 1636 906 1679 X.
933 1636 1027 1678 134.
1066 1638 1174 1692 siguli
1215 1638 1258 1678 δεῖ
1295 1639 1442 1691 χάλκος
1475 1637 1680 1689 ἐλάμπετο
1717 1633 1862 1682 &inaug

209 1706 315 1763 αὐγῇ
341 1702 368 1759 ἢ
395 1707 517 1759 πυρὸς
543 1705 765 1759 αἰθομένου
792 1703 817 1760 ἢ
846 1705 978 1760 ἠελίου
997 1707 1173 1756 ἀνιόντος
1202 1704 1417 1748 ruborem.
1451 1704 1593 1747 Solem
1615 1703 1750 1746 nubes
1771 1703 1863 1745 viu-

212 1776 379 1816 centem
408 1772 475 1816 bis
496 1773 678 1817 Ovidius
707 1774 886 1824 induxit,
919 1777 967 1816 ut
987 1774 1146 1817 laetam
1167 1774 1452 1828 Proserpinae
1483 1773 1685 1827 pingeret
1706 1771 1863 1815 faciem

211 1845 312 1884 met.
345 1842 394 1886 V.
427 1843 524 1886 570.
557 1846 607 1886 ut
635 1843 712 1894 sol,
753 1843 824 1896 qui
853 1846 979 1885 tectus
1016 1843 1186 1896 ‹equas-is
1216 1843 1397 1885 morbiba&
1437 1846 1530 1885 ante
1548 1842 1653 1897 ficit,
1696 1841 1815 1884 ›ess-ictis
1844 1856 1864 1883 c

211 1911 391 1954 nubibus
419 1912 571 1967 exim)
603 1913 657 1955 ad
680 1913 905 1955 Vertumni
926 1913 1259 1967 pulcritudinem
1290 1912 1591 1955 illustrandam
1614 1915 1712 1954 met.
1747 1911 1859 1954 XIV.

213 1980 308 2024 768.
366 1981 505 2034 qualis
548 1982 621 2024 ubi
677 1983 887 2035 oppositas
930 1982 1190 2025 *nitidissima
1245 1982 1348 2024 solis·
1393 1982 1531 2037 incasso
1573 1981 1690 2024 evicit
1735 1980 1863 2023 nubes·

211 2049 408 2104 malaque
436 2051 621 2094 obstante
649 2050 872 2107 reluxiffl)
935 2052 1090 2095 Oculos
1122 2065 1267 2095 amore
1299 2052 1507 2094 micantes
1538 2051 1670 2094 radiis
1702 2050 1803 2094 solis
1835 2065 1861 2093 a

211 2187 411 2223 werdekeit
449 2188 528 2233 baz,
568 2189 640 2225 den
680 2189 746 2224 der
786 2189 880 2224 meie
921 2189 998 2224 und
1037 2189 1177 2225 alsine
1218 2190 1345 2233 doene,
1383 2189 1442 2225 die
1466 2189 1526 2224 die
1550 2188 1678 2235 vogele
1703 2188 1862 2234 singent.

213 2244 364 2291 (Haupt.
389 2245 626 2291 Minnesangs
649 2246 838 2292 Frsihling.
865 2247 943 2282 141.
970 2247 1039 2293 12.)

354 2314 396 2362 ¹⁷)
419 2315 543 2351 verbis
583 2316 750 2362 „infectis
773 2336 817 2342 —-
842 2316 1038 2361 nubibus‘,
1075 2317 1211 2363 quippe
1247 2317 1383 2362 quibus
1416 2317 1634 2362 opposuerit
1670 2318 1754 2362 „aut
1778 2327 1865 2362 pur-

214 2382 352 2418 pureae
365 2375 556 2419 aurorae“‚
582 2377 692 2420 poeta
704 2375 959 2420 vespertinum
985 2375 1078 2411 caeli
1101 2375 1278 2411 ruborem
1296 2375 1503 2421 significare
1528 2374 1656 2419 voluit,
1681 2374 1729 2409 ad
1754 2385 1866 2418 quem

213 2431 481 2468 nominandum
504 2433 656 2478 propria
678 2445 751 2468 vox
776 2433 883 2468 latini
907 2434 1088 2482 sermonis
1114 2433 1147 2468 ei
1171 2436 1319 2479 praesto
1344 2445 1419 2469 non
1443 2435 1532 2469 erat.
1558 2433 1615 2468 Ita
1639 2432 1863 2468 sententiam

215 2489 401 2535 explicare
424 2502 499 2526 non
522 2502 728 2537 possemus,
754 2491 785 2526 si
811 2491 977 2537 „adversi
1001 2492 1090 2527 solis
1114 2492 1160 2527 ab
1184 2492 1282 2527 ictu“
1311 2492 1411 2527 idem
1436 2492 1534 2526 esset
1557 2492 1669 2535 atque
1697 2490 1763 2535 „ab
1787 2490 1865 2525 ictu

211 2546 300 2582 solis
323 2547 363 2583 in
384 2548 540 2584 adversa
561 2551 667 2594 parte
699 2549 792 2584 caeli
823 2549 987 2584 stantis-L
1039 2550 1085 2584 At
1117 2561 1191 2585 non
1216 2552 1282 2586 est.
1330 2549 1455 2585 Voluit
1490 2549 1589 2584 enim
1614 2552 1724 2594 poeta
1749 2547 1862 2594 signi-

214 2606 334 2650 ficare,
358 2617 434 2641 non
455 2608 576 2642 totam
599 2607 736 2642 nubem
761 2607 969 2651 rubescere,
1000 2607 1064 2643 sed
1090 2607 1200 2643 modo
1225 2619 1307 2643 eam
1332 2607 1442 2642 nubis
1467 2609 1626 2652 partem,
1664 2617 1759 2650 quae
1784 2606 1862 2640 ictu

217 2662 306 2698 solis
330 2663 485 2700 adversa
509 2665 568 2709 sit,
594 2665 694 2709 quod
719 2666 849 2709 quovis
874 2677 1029 2711 vespero
1054 2666 1092 2700 in
1117 2665 1219 2700 caelo
1244 2665 1409 2711 aspicere
1433 2667 1549 2710 potes.

354 2732 396 2779 ¹⁸)
420 2733 527 2768 aliter
550 2733 804 2769 Mimnermus.
830 2734 884 2769 12.
931 2734 1066 2772 'JIae‘hog
1102 2736 1165 2777 μὲν
1190 2733 1249 2779 γάρ
1273 2733 1379 2767 πόνον
1419 2734 1559 2778 ἔλλαχεν
1600 2732 1710 2776 ἤματα
1746 2724 1861 2765 ’πάντα

218 2789 376 2823 οὐδέποτ’
402 2789 563 2834 ἄμπαυσις
587 2795 730 2837 γίγνεται
756 2791 901 2835 οὐδεμία.

360 2859 400 2906 ¹¹³)
426 2860 596 2896 similiter
619 2860 802 2896 Heni-icus
836 2860 881 2896 de
906 2861 1110 2907 Morungen
1136 2862 1211 2896 129.
1239 2863 1292 2896 20.
1319 2862 1350 2896 si
1386 2861 1520 2896 liuhtet
1544 2872 1623 2896 sam
1657 2860 1724 2895 der
1748 2871 1865 2895 suune

219 2919 303 2952 tuot
326 2929 442 2964 gegen
465 2918 550 2953 dem
575 2918 715 2954 lichten
740 2930 913 2966 morgen:
941 2921 960 2953 ὀ
985 2931 1058 2954 was
1082 2919 1112 2954 si
1137 2919 1351 2965 verborgen.

355 2988 401 3033 20)
426 2988 516 3023 haec
541 2989 638 3024 inter
660 2989 948 3034 perfectissimas
975 2989 1093 3024 Ovidii
1118 2989 1380 3024 similitudines
1406 2988 1575 3024 habenda
1599 2991 1666 3033 est,
1693 2999 1788 3031 cum,
1824 2990 1865 3022 ut

219 3046 422 3081 Vertumno
447 3045 512 3090 sol,
531 3047 583 3082 ita
607 3046 768 3082 nubibus
784 3046 990 3082 velamenta
1015 3047 1127 3082 anilia
1147 3047 1405 3093 respondeant,
1427 3047 1562 3091 quibus
1587 3058 1625 3081 se
1643 3046 1735 3081 deus
1761 3058 1868 3081 occu-

218 3102 350 3147 luerat,
382 3103 507 3147 itaque
532 3103 625 3139 nihil
658 3115 777 3147 neque
804 3104 1047 3148 desideretur,
1082 3116 1201 3149 neque
1227 3115 1544 3151 supervacaneum
1571 3104 1627 3147 sit,
1662 3106 1703 3138 ut
1727 3103 1864 3138 iustam

220 3160 424 3196 habeamus
450 3161 775 3207 comparationem.
