2086 3470
975 196 1254 238 ...26-

298 333 409 386 apud
442 345 516 375 nos
548 345 777 385 veragros
819 344 1015 374 recreare
1057 332 1176 383 solet,
1218 344 1314 374 nam
1350 332 1503 382 bullae,
1547 344 1725 386 quarum
1766 331 1925 375 mentio

298 402 345 443 fit
376 402 452 443 Ov.
486 404 584 443 met.
603 401 641 442 X
674 401 766 443 733.
802 402 997 443 intumuit
1025 402 1087 442 sie
1116 404 1163 442 ut
1192 401 1339 454 pluvio
1362 400 1587 454 perlucida·
1610 401 1728 443 'caelo
1757 413 1927 454 suryere

298 470 412 512 bulla
450 470 561 521 solet,
615 494 666 499 —
713 470 754 511 in
806 481 1012 522 aquarum
1062 481 1245 522 aequore
1296 481 1474 521 surgere
1523 469 1661 511 solent
1711 468 1787 511 ubi-
1811 468 1926 511 lente

297 550 476 590 magnae
508 541 657 590 guttae
688 538 857 588 cadunt,
888 538 1010 590 signa
1031 537 1301 589 tempestatis
1332 537 1520 580 orientis.
1581 537 1723 590 Ipsam
1743 540 1926 590 tempes-

297 610 429 648 tatem
460 605 591 648 habes
623 609 676 647 [l.
705 613 791 651 384,
821 607 874 656 (ὃς
901 607 938 647 δ’
956 607 1032 647 ὑπὸ
1060 606 1214 646 λαίλαπι
1246 610 1355 647 πᾶσα
1381 609 1535 660 κελαινὴ
1563 606 1728 659 βέβριθε
1755 608 1876 659 χθών

569 668 691 723 ἤμωιτἸ
719 671 911 726 ὀπωρινῷ,
942 668 1007 710 ὅτε
1034 671 1277 722 λαρᾯότατον
1306 668 1388 722 fissi
1414 667 1520 721 ὕδωρ

568 740 670 787 Ζεύς
723 769 1301 778 ..........

569 810 648 846 τῶν
675 805 718 847 δέ
744 823 786 847 τε
815 809 959 855 πάντες
986 807 1061 858 μὲν
1089 807 1259 858 ποταμοὶ
1287 808 1486 859 πλήθουσιν
1513 804 1675 859 ῥέοντες,

568 877 712 923 ’πολλάς
740 874 782 914 δὲ
809 877 936 923 κλιτῦς
970 876 1052 915 τότἸ
1078 875 1348 926 (ἰποτμήγυνσι
1377 874 1586 927 χαράδραι,

295 942 423 994 Verg.
457 942 611 994 Georg.
645 942 715 985 IV.
763 941 859 984 312.
905 941 1029 984 donec
1072 945 1118 983 ut
1161 942 1328 983 aestivis
1373 941 1531 994 effusus
1573 940 1754 983 nubibus
1796 941 1926 984 imber

903 1024 1083 1063 erupere.

296 1079 396 1121 Aen.
432 1079 479 1121 V.
512 1079 607 1123 317.
641 1080 871 1132 corripiunt
901 1080 1042 1132 spatia
1071 1079 1214 1121 auclito
1246 1077 1448 1132 limenque
1477 1078 1718 1131 relinquunt

641 1149 763 1201 effusi
794 1147 931 1190 nimbo
960 1148 1119 1190 similes

294 1216 575 1260 ibid.1X.668.
592 1219 774 1270 quantus
804 1216 855 1258 ab
887 1230 1034 1259 occasu
1063 1217 1228 1258 veniens
1249 1215 1510 1268 pluvialibus
1539 1215 1684 1258 haedis

595 1285 782 1327 verberat
810 1285 940 1327 imber
969 1285 1152 1336 humum,
1185 1298 1310 1338 quam
1339 1284 1460 1326 multi
1486 1284 1693 1338 yrancline
1721 1283 1853 1326 nimbi

594 1356 638 1396 in
668 1353 776 1396 vada
801 1355 1096 1408 praecipitant,
1130 1367 1221 1395 cnm
1251 1353 1450 1406 <Iuppiter
1479 1352 1678 1395 horridus
1707 1354 1867 1395 austris

595 1427 754 1477 torquet
783 1437 985 1476 aquosam
1014 1422 1186 1465 hiemem
1214 1426 1252 1464 et
1281 1422 1391 1464 caelo
1422 1435 1524 1464 cava
1552 1421 1700 1464 nubila
1728 1422 1883 1475 ruppit.

292 1491 391 1533 ibid.
422 1491 472 1533 X.
506 1492 600 1534 803.
635 1504 683 1533 ae
713 1491 822 1535 velut
849 1492 983 1545 effusa
1012 1492 1051 1532 si
1080 1490 1247 1545 quando
1274 1490 1481 1545 yrancline
1509 1489 1640 1531 nimbi

585 1561 882 1613 praecipitant,
916 1560 1049 1602 omnis
1081 1559 1262 1612 (campis
1292 1559 1459 1612 (liffeiyit
1488 1561 1633 1601 arato-r

594 1630 728 1670 omnis
757 1632 795 1670 et
823 1628 1011 1683 ayricola
1040 1627 1097 1681 et)
1129 1631 1219 1669 tuta
1249 1627 1347 1669 latet
1376 1640 1470 1669 arce
1498 1628 1645 1678 viator,

592 1701 666 1739 aut
695 1698 833 1740 amnis
862 1697 973 1750 ripis
1002 1700 1077 1738 aut
1106 1697 1183 1738 alti
1209 1697 1369 1750 fornice
1398 1696 1505 1747 sacci,

592 1765 691 1807 dum
713 1766 829 1818 pluit
857 1767 903 1808 in
934 1766 1068 1817 terris,
1101 1768 1148 1807 ut
1169 1766 1337 1818 possint
1365 1764 1450 1806 sele
1478 1763 1644 1806 reducto

591 1847 775 1877 erereere
803 1834 921 1876 diem.

292 1902 398 1944 Cum
429 1902 599 1945 Horatii
628 1903 731 1955 loco,
764 1915 889 1956 quem
920 1902 1046 1944 attuli
1076 1915 1173 1955 pag.
1209 1902 1274 1953 16,
1307 1914 1558 1955 componere
1587 1913 1810 1954 possumus
1842 1900 1917 1943 Ov.

291 1983 341 2012 ex
373 1971 416 2014 P.
450 1971 520 2015 IV.
555 1973 593 2014 1.
624 1972 662 2015 2.

523 2040 642 2082 nulla
673 2040 761 2083 dies
790 2040 890 2082 adeo
921 2043 980 2082 est
1010 2039 1269 2082 australibus
1298 2038 1473 2080 humida
1502 2037 1665 2090 nimbis,

523 2122 606 2151 non
636 2109 886 2151 intermissis
915 2112 962 2150 ut
986 2109 1095 2161 fluat
1122 2108 1252 2150 imber
1283 2108 1416 2161 aquis.
1457 2155 1461 2159 ,

427 2175 630 2220 Graudo.
670 2177 775 2220 Nix.
818 2176 1015 2221 Glacies.
1083 2176 1143 2218 Ut
1188 2176 1349 2229 grando
1394 2175 1559 2218 resilire
1605 2175 1715 2218 solet
1761 2189 1786 2217 a
1831 2176 1917 2218 cul-

290 2244 471 2287 minibus
501 2245 615 2297 tecti‚
647 2246 709 2287 ita
730 2246 929 2287 sarissam
959 2259 984 2287 a
1014 2244 1122 2286 facie
1146 2244 1303 2286 Caenei
1332 2244 1592 2286 resilientem
1613 2243 1716 2286 facit
1743 2243 1918 2287 Ovidius

291 2316 390 2357 met.
422 2313 516 2355 XII.
556 2313 653 2356 480.
720 2313 835 2355 Idem
880 2326 988 2355 unus
1028 2316 1252 2366 poetarum
1293 2315 1371 2363 est,
1411 2311 1523 2365 apud
1559 2324 1684 2365 quem
1723 2312 1767 2354 in
1806 2324 1917 2354 com-

290 2381 511 2434 paratione
542 2381 682 2423 inveni
711 2381 891 2424 imbrem
921 2380 1154 2434 frigoribus
1184 2383 1520 2422 concrescentem
1553 2383 1652 2422 met.
1685 2380 1757 2422 IX.
1789 2379 1884 2423 220.

561 2454 684 2504 utque
710 2451 854 2505 feru-nt
882 2450 1034 2492 imbres
1060 2449 1211 2503 yelielis
1241 2461 1494 2491 concrescere
1522 2449 1665 2501 ventis,

563 2519 657 2560 inde
686 2519 801 2561 nives
827 2519 933 2573 fieri,
965 2518 1132 2560 nivibus
1161 2531 1318 2572 quoque
1346 2517 1468 2559 molle
1497 2517 1646 2558 rotatis

562 2588 741 2641 astrinyi
770 2591 808 2629 et
835 2588 975 2640 spissa
1002 2587 1229 2641 ylomerari
1255 2585 1461 2640 yraneline
1490 2599 1641 2639 corpus

290 2655 355 2697 cui
387 2655 652 2698 similitudini
682 2655 958 2698 Washietlius
988 2658 1208 2708 comparat
1236 2655 1361 2696 Lucr.
1391 2653 1463 2697 VI.
1494 2652 1589 2695 527.

494 2727 626 2766 cetera
655 2738 760 2778 quae
789 2737 915 2766 cursu
945 2726 1132 2766 crescunt
1161 2736 1366 2776 cursuque
1395 2725 1590 2764 creantur

493 2796 532 2833 et
560 2805 665 2845 quae
694 2796 958 2834 concrescunt
986 2793 1032 2833 in
1060 2791 1251 2843 nubibus,
1284 2791 1435 2842 omnia,
1460 2804 1663 2843 prorsum

493 2861 645 2912 omnia,
677 2862 763 2911 nix,
809 2861 930 2911 venti,
958 2859 1121 2914 yranelo
1148 2859 1386 2914 yelielaeque
1407 2859 1592 2912 pruinae

493 2932 531 2970 et
561 2930 624 2971 vis
652 2942 807 2982 mayna
833 2929 926 2982 yeli,
958 2942 1156 2983 maynum
1186 2927 1388 2970 duramen
1419 2940 1625 2981 aquarum

492 3000 530 3039 et
557 3011 687 3048 mora,
720 3010 825 3050 quae
849 2997 1001 3049 fluvios
1023 2998 1190 3050 passim
1220 2997 1405 3050 refrenat
1433 2997 1578 3037 euntis.

291 3065 348 3107 At
377 3066 412 3107 si
443 3065 561 3107 addit
604 3065 743 3118 „vides
779 3067 866 3107 iam
903 3066 1169 3120 manifestam
1211 3065 1316 3106 inte-r
1359 3067 1578 3117 utrumque
1619 3065 1752 3106 locum
1788 3065 1914 3106 inter-

290 3133 427 3176 cedere
456 3133 795 3176 similitudinem“
831 3134 1022 3188 equidem
1054 3146 1137 3176 non
1168 3133 1301 3186 video,
1334 3133 1414 3176 nisi
1455 3131 1566 3175 forte
1609 3144 1659 3176 ea
1689 3130 1913 3176 manifesta
