2086 3470
943 143 1202 186 —7-

242 283 536 337 orationisque
572 286 752 324 tumore.
815 281 967 335 Itaque
1008 278 1235 322 dummodo
1270 277 1509 330 inveniant,
1554 290 1680 331 quem
1723 276 1900 330 ineptiis

243 353 333 396 suis
366 351 588 406 „acl-suant,
614 364 895 404 pmpmeecm,
941 349 1020 391 late
1064 348 1136 402 qui
1174 348 1377 402 splemlat,
1413 347 1652 400 pcmnmffl,
1698 357 1800 388 num
1846 345 1900 388 ad

243 433 335 465 rem
366 425 470 476 apta
515 421 573 464 sit
617 421 772 473 imago,
818 432 903 462 non
944 419 1184 473 requirunt.
1245 418 1482 460 Praeterea
1526 415 1819 458 foedissimum
1855 415 1900 457 in

242 491 415 535 modum
479 489 824 544 comparationes
889 488 1121 540 cumulant,
1184 487 1298 541 quod
1357 487 1450 529 iure
1512 485 1698 538 castigat
1759 484 1798 528 J.
1852 484 1897 527 C.

242 560 530 614 E1·nestius.⁸)
593 559 676 602 Sed
707 558 819 613 quod
851 558 1090 612 exemplum
1114 557 1238 599 huius
1270 557 1455 598 luxuriei
1484 554 1653 609 profert
1685 554 1761 597 Ov.
1795 558 1897 598 met.

242 629 358 674 XIII.
391 629 632 683 789—807,
665 640 813 671 errare
860 627 963 670 mihi
1005 627 1173 670 videtur
1214 626 1279 668 vir
1319 626 1481 669 doctus,
1543 625 1626 666 Vix
1657 624 1770 674 enim
1801 636 1899 666 con-

241 699 419 743 tendere
449 699 589 745 velim.
622 697 834 748 Ovidium,
865 700 1036 751 poetam
1078 696 1326 749 ceteroquin
1366 707 1470 748 prae
1513 693 1669 736 ceteris
1707 693 1897 746 lepidum

242 774 330 813 tam
361 768 569 812 insulsum
600 767 680 810 hoc
710 766 802 809 loco
843 779 887 809 se
918 765 1182 819 praebuisse,
1231 768 1279 807 ut
1307 765 1351 806 -in
1384 764 1479 817 ipsa
1520 763 1671 805 rustici
1704 762 1899 816 Cyclopis

242 838 448 891 oratione,
481 841 530 880 ut
559 836 787 879 Ernestius
819 835 923 886 vult,
955 833 1355 877 artificiosissimum
1398 845 1502 875 suae
1533 832 1642 875 artis
1671 819 1899 885 praestare

241 919 349 962 opus
379 906 616 950 studuerit:
660 905 745 947 imo
787 904 1065 946 Philoxenum
1111 903 1302 956 aliosque
1316 902 1348 958 9)
1398 904 1570 944 secutus
1620 900 1761 954 lepido
1808 900 1898 946 sale

241 976 496 1031 perstrinxit
540 975 776 1028 ¹gigantem
848 975 994 1027 inepte
1063 972 1300 1015 inconditos
1374 983 1525 1014 versus
1590 969 1896 1023 proferentem.

241 1045 451 1089 Hodierni
482 1048 636 1098 poetae
669 1044 852 1097 ineptias
885 1042 1134 1097 Polyphemi
1166 1041 1425 1084 extollerent
1468 1043 1511 1082 et
1543 1039 1688 1081 verbis
1720 1050 1897 1092 exaspe-

240 1118 403 1165 rarent,
435 1113 489 1157 ab
520 1113 696 1167 antiquo
727 1116 857 1165 poeta
896 1112 938 1153 id
969 1111 1154 1153 alienum
1186 1114 1282 1153 erat
1323 1134 1381 1139 —
1404 1122 1488 1151 nec
1529 1109 1668 1150 minus
1711 1108 1899 1150 alienum

240 1184 294 1228 ab
336 1183 524 1238 antiquis
563 1182 795 1226 lectoribus
839 1206 896 1211 —
941 1182 1012 1235 qui
1054 1179 1314 1223 satisfecisse
1360 1179 1457 1222 sibi
1488 1179 1580 1221 iure
1623 1178 1806 1232 putavit,
1851 1190 1899 1220 re

239 1253 396 1297 leviter
417 1252 715 1296 tantummodo
737 1251 1004 1294 adumbrata.
1056 1250 1134 1292 Isti
1158 1262 1260 1292 vero
1282 1248 1436 1292 Ovidio
1457 1247 1721 1302 posteriores
1742 1250 1898 1300 poetae

241 1335 325 1366 non
356 1322 493 1367 solum
525 1322 616 1365 sine
656 1322 824 1363 ratione
868 1320 1195 1363 cumulaverunt
1234 1319 1458 1372 imagines,
1500 1317 1575 1361 sed
1615 1317 1748 1360 etiam
1790 1316 1898 1359 falso

240 1392 541 1442 adhibuerunt,
589 1395 633 1433 et
678 1391 722 1432 in
761 1390 841 1432 hac
872 1390 966 1443 ipsa
1006 1402 1053 1431 re
1099 1389 1206 1432 adeo
1254 1387 1480 1430 inferiores
1526 1399 1572 1429 se
1603 1386 1898 1440 praebuerunt

241 1459 437 1504 melioris
467 1461 560 1504 aevi
592 1460 746 1514 poetis,
778 1463 826 1501 ut
856 1472 942 1501 una
973 1471 1068 1501 cum
1105 1458 1156 1500 iis
1187 1457 1358 1500 omnino
1389 1457 1686 1499 tractarinon
1717 1455 1897 1509 possint.

239 1531 362 1574 Licet
392 1531 517 1583 enim,
541 1531 696 1580 omnia,
729 1542 838 1584 quae
860 1533 961 1571 sunt
991 1528 1227 1578 inmundo,
1252 1540 1277 1569 a
1297 1527 1436 1581 poetis
1468 1527 1511 1568 in
1543 1525 1754 1578 imagines
1785 1525 1897 1567 verti

240 1602 418 1655 possint,
451 1604 595 1643 tamen
626 1599 751 1642 facile
782 1598 1066 1652 intellegitur,
1099 1609 1182 1639 non
1223 1598 1286 1639 ita
1316 1596 1424 1645 bene
1456 1595 1600 1638 omnia
1640 1595 1694 1637 ad
1725 1595 1898 1648 quasvis

239 1683 312 1714 res
350 1669 629 1712 illustrandas
670 1668 880 1719 adhiberi,
921 1667 995 1710 sed
1036 1666 1165 1709 alteri
1211 1668 1495 1708 consentanea
1537 1677 1643 1715 esse,
1691 1675 1897 1716 respuere

240 1740 435 1783 alteram.
498 1739 619 1790 Quod
641 1738 814 1792 epigoni
837 1738 1009 1791 penitus
1031 1736 1325 1789 neglexerunt.
1374 1734 1592 1785 Quantum
1613 1733 1681 1777 his
1701 1736 1899 1787 praestat

241 1809 422 1864 Vergilii
454 1821 538 1859 ars,
571 1808 644 1862 qui
675 1808 718 1850 in
751 1806 1010 1860 imaginilms
1051 1804 1258 1859 eligendis
1288 1808 1412 1847 tanta
1454 1807 1549 1846 erat
1579 1803 1817 1857 diligentia,
1850 1806 1899 1844 ut

239 1891 323 1922 non
354 1879 492 1922 solum
523 1877 716 1931 singulas
747 1880 872 1930 aptas
903 1879 1097 1929 poneret,
1140 1874 1215 1917 sed
1255 1874 1387 1916 etiam
1418 1885 1497 1927 pro
1539 1884 1699 1926 genere
1730 1872 1897 1926 poetico

240 1947 456 2003 simplices
511 1950 744 2001 usurparet
790 1946 832 1988 in
879 1945 1039 1999 eclogis
1082 1956 1159 1987 nec
1210 1956 1292 1986 non
1338 1944 1381 1985 in
1427 1942 1663 1996 Georgicis,
1713 1941 1897 1995 grandes

239 2021 390 2071 contra
419 2018 463 2060 in
495 2016 703 2060 Aeneide!

378 2086 497 2138 Quae
534 2089 763 2140 postquam
802 2086 845 2127 in
889 2085 1135 2126 universum
1174 2083 1501 2136 disputavimus,
1551 2081 1746 2134 singulas
1786 2093 1897 2123 nunc

239 2161 467 2212 poetarum
499 2155 786 2210 elegiacorum
818 2153 1162 2207 comparationes
1194 2152 1399 2195 adeamus
1430 2151 1691 2195 tractandas.
1739 2150 1796 2193 Et
1826 2150 1897 2192 vix

239 2225 313 2270 ubi
343 2238 524 2269 ancoras
555 2224 770 2276 solvimus,
803 2226 889 2266 iam
919 2222 1120 2275 scopulus
1151 2220 1274 2264 nobis
1305 2221 1513 2273 imminet,
1547 2232 1672 2274 quem
1693 2219 1890 2273 plerique

241 2307 400 2348 eorum,
443 2295 515 2349 qui
552 2293 733 2337 eundem
774 2304 946 2335 cursum
987 2294 1232 2342 tenuerunt,
1275 2289 1502 2333 offendisse
1542 2289 1648 2331 mihi
1680 2289 1893 2331 videntur.

241 2363 474 2416 Quaeritur
513 2363 641 2416 enim,
684 2375 767 2417 quo
808 2361 932 2404 modo
974 2360 1158 2404 materia
1198 2360 1256 2402 sit
1296 2357 1603 2414 digerendam)
1672 2357 1794 2408 Quod
1834 2357 1896 2400 ita

376 2455 405 2502 ⁸)
431 2453 762 2491 commentationes
787 2453 832 2488 de
858 2451 1078 2488 elocutionis
1095 2453 1292 2497 poetarum
1309 2450 1510 2485 latinorum
1529 2451 1698 2485 veterum
1722 2449 1889 2493 luxuxie,

240 2514 333 2550 acta.
359 2524 449 2549 sem.
474 2524 548 2559 reg.
574 2512 671 2558 Lips.
697 2512 742 2548 II.

378 2570 408 2616 ⁹)
434 2570 631 2615 Cyclopem
655 2571 699 2604 ut
721 2568 916 2614 illepidum
941 2569 1090 2614 poetam
1111 2566 1218 2602 Bioni
1243 2565 1396 2611 opponit
1421 2566 1551 2600 auctor
1576 2565 1652 2610 epit
1676 2564 1812 2601 Bionis.
1839 2565 1893 2599 59.

240 2626 363 2674 οὖγάρ
385 2629 458 2660 ἴσον
482 2622 638 2660 Κύκλωπι
660 2626 823 2670 μελίσδεο·
849 2626 909 2659 τόν
931 2628 995 2670 μὲν
1019 2626 1152 2670 ἔφευγεν
1182 2623 1202 2656 ἆ
1226 2623 1306 2656 καλά
1336 2623 1504 2662 Γαλάτεια,
1531 2624 1566 2654 σὲ
1596 2621 1729 2655 «Vmor
1755 2623 1895 2664 ἔβλεπεν

239 2682 351 2729 ἅλμας.
379 2685 486 2720 aliter
509 2696 597 2720 vero
620 2686 752 2720 auctor
770 2683 998 2730 epithalamii
1016 2682 1180 2727 Achillis,
1199 2681 1371 2726 quintum
1388 2681 1575 2716 decimum
1593 2680 1719 2715 Bionis
1744 2691 1895 2715 carmen

241 2743 342 2788 quod
365 2742 459 2778 faISO
485 2742 690 2778 ferebatur:
726 2743 782 2783 λῇς
806 2737 848 2774 νύ
872 2745 908 2774 τί
928 2755 995 2784 μοι,
1020 2740 1166 2777 ,1υκι’()ἀ,
1191 2738 1331 2772 ,Σικελόν
1362 2739 1460 2782 μέλος
1483 2734 1545 2769 [ido
1568 2739 1728 2782 λιγαίνειν,
1755 2737 1893 2782 ἶιιιερόεν,

240 2798 464 2846 γλυκύθυμοι),
489 2801 651 2846 ἱρωτικόν,
678 2796 747 2833 οἷον
772 2799 789 2832 ὅ
815 2800 964 2843 λ”ὑκλωψ
987 2798 1092 2831 ἄεισεν
1118 2797 1321 2841 ΙῙολὺφαμος
1346 2797 1399 2830 ἐπ’
1423 2796 1494 2838 fiori
1521 2797 1564 2842 τᾷ
1592 2797 1769 2841 Ιῖιὶατειίιες

381 2859 421 2905 ¹⁰)
443 2859 486 2894 In
511 2870 585 2903 qua
618 2871 655 2893 re
689 2859 861 2903 quotiens
895 2859 1062 2892 erratum
1095 2858 1153 2900 sit,
1188 2856 1248 2891 hic
1273 2866 1494 2890 enumerare
1529 2865 1654 2890 meum
1693 2865 1767 2889 non
1791 2855 1893 2899 puto,

241 2917 340 2961 quod
365 2918 491 2952 autem
516 2916 556 2952 G.
584 2917 621 2951 F.
647 2917 689 2951 H.
717 2917 865 2951 Coenen
898 2915 1178 2958 dissertationis,
1223 2925 1335 2958 quam
1369 2913 1517 2958 scripsit
1554 2912 1617 2947 „de
1645 2913 1890 2957 comparatio-

240 2974 350 3010 nibus
375 2976 412 3009 et
436 2974 664 3019 metaphoris
689 2974 789 3019 apud
805 2974 948 3009 Atticos
973 2972 1195 3018 praesertim
1229 2973 1376 3018 poetas·⁴
1405 2972 1499 3006 Trai.
1525 2971 1616 3006 1875
1640 2971 1770 3014 quinta
1786 2971 1891 3015 parte

241 3032 317 3078 agit
341 3031 386 3066 de
411 3032 538 3077 figuris
566 3043 679 3076 „quae
705 3031 751 3066 ad
778 3033 921 3066 certum
947 3042 1063 3076 genus
1080 3030 1211 3065 referri
1230 3042 1303 3064 non
1329 3031 1496 3075 possunt,
1529 3031 1724 3063 nectamen
1758 3028 1796 3062 in
1821 3027 1890 3062 hac

241 3089 498 3125 dissertatione
534 3089 668 3135 negligi
692 3090 883 3134 poterant*
912 3100 998 3123 cum
1024 3087 1197 3122 omnibus
1224 3087 1414 3122 doctrinae
1444 3086 1653 3132 praeceptis
1678 3085 1890 3121 foedissime

241 3147 332 3183 milii
358 3147 569 3193 discrepare
595 3147 752 3182 videtur.
