2086 3470
955 166 1241 214 -ss4,.

282 318 437 361 magna
466 320 568 361 pars
599 320 624 350 a
654 307 813 361 plantis
853 308 1040 362 repetita
1070 312 1149 358 est,
1180 313 1228 351 ut
1258 309 1341 352 iam
1373 327 1384 349 ι
1416 314 1463 353 51
1506 304 1633 363 ἦλθον
1671 308 1800 351 ἔπειθ’
1840 306 1915 351 ὅσα

280 379 409 430 φύλλα
436 379 498 417 καὶ
525 376 656 418 ἄνθεα
684 377 853 431 γίγνεταιἸ
873 377 967 431 (ὅρη.
1027 377 1194 419 HerbaS
1233 380 1428 430 specta-nt
1469 376 1546 420 OV.
1590 377 1677 419 her.
1719 377 1784 420 17.
1817 376 1913 421 107.

280 457 362 485 uon
392 444 526 497 maai-s
556 443 670 486 illius
705 445 922 486 uumerari
938 445 1099 498 yauclia
1119 445 1260 497 uoetis,
1277 444 1598 498 Hellespontiaci
1627 458 1753 498 quam
1782 444 1915 487 maris

281 512 377 565 (ἅμα
398 515 534 565 potest
574 513 685 555 trist.
720 513 768 554 V.
802 514 841 557 6.
873 514 940 556 37.
972 527 1099 567 quam
1136 514 1268 555 umlta
1297 514 1470 556 madida
1499 513 1756 555 celebramur
1785 526 1915 556 arun-

280 581 374 623 cline
392 581 554 636 fossae.
596 581 709 623 trist.
749 581 797 623 V.
832 582 897 624 13.
932 582 1000 626 26.
1046 596 1152 623 eausa
1189 583 1317 635 prius
1358 582 1492 636 yelido
1531 582 1664 624 desint
1707 581 1914 624 absinthia

283 649 427 691 Ponto.
498 649 712 692 Foliorum
760 650 908 702 ingens
964 663 1165 693 numerus
1222 663 1248 692 a
1298 651 1490 703 Vergilio
1536 653 1922 695 commemoratur:-

282 719 384 761 Aen.
418 718 488 760 VI.
521 717 617 760 309.
650 731 775 771 quam
805 719 936 760 mulla
967 718 1007 760 iu
1049 719 1167 761 silvis
1206 719 1398 761 (mtumui
1426 718 1592 773 friyore
1622 719 1764 772 primo
1794 718 1916 772 lapsa

280 786 434 828 eadunt
452 786 580 840 folia.
613 791 656 829 et
687 787 739 829 ab
772 787 922 829 Ovidio
953 800 991 831 a.
1023 800 1104 832 am.
1138 787 1214 830 III.
1247 788 1340 830 162.
1372 787 1562 840 raptique
1592 790 1721 830 aetate
1761 786 1914 840 capilli,

279 858 325 896 ut
355 855 476 897 borea
496 854 678 909 fraudes
708 855 941 903 excutiente,
972 856 1137 903 eaduut,
1170 860 1268 898 met.
1302 855 1374 897 XI.
1408 856 1501 898 614.
1551 858 1649 910 quot
1677 855 1785 897 silva
1811 853 1917 909 yerit

269 923 463 976 froudes,
496 922 648 977 quibus
680 924 985 976 subiungamus
1028 937 1064 966 a.
1107 937 1187 966 am.
1219 924 1251 968 I.
1284 925 1351 967 57.
1384 927 1481 977 quot
1519 923 1639 966 habet
1669 923 1914 978 Methymna

279 1005 476 1034 racemos.
522 1004 572 1034 ex
616 992 659 1036 P.
704 992 774 1036 IV.
810 993 873 1035 15.
907 994 944 1037 7.
991 993 1101 1035 trist.
1136 993 1184 1035 V.
1219 994 1255 1036 1.
1289 994 1355 1035 31.
1432 992 1617 1035 Glandes
1661 997 1760 1035 sunt
1803 991 1915 1046 apud

280 1061 476 1102 Ovidium
521 1074 556 1103 a.
603 1074 683 1103 am.
715 1061 790 1103 III.
826 1062 918 1103 149.
964 1062 1036 1103 sed
1084 1075 1211 1114 ueque
1251 1074 1422 1104 ramosa
1465 1061 1705 1103 numerabis
1744 1060 1790 1103 iu
1826 1060 1918 1104 ilice

276 1129 452 1182 alaudes
482 1129 553 1172 ubi
584 1129 696 1171 haud
727 1130 812 1172 scio
851 1142 904 1172 an
935 1130 1116 1181 Vergilii
1161 1134 1330 1172 secutus
1373 1131 1430 1172 sit
1467 1130 1622 1182 Georg.
1656 1130 1725 1174 IV.
1762 1130 1813 1172 81
1845 1142 1917 1172 uec

279 1197 328 1239 cle
358 1211 557 1239 eoueussa
587 1201 747 1239 tautmn
769 1198 882 1250 pluit
911 1198 999 1240 ilice
1027 1198 1207 1252 ylauclis.
1248 1199 1378 1240 bacae
1400 1197 1520 1251 apud
1552 1198 1730 1240 eundem
1761 1210 1799 1240 a..
1832 1210 1913 1240 am.

280 1266 330 1308 II.
364 1266 460 1310 516.
493 1266 661 1308 caerula
692 1270 788 1320 quot
819 1266 943 1308 baeas
965 1266 1160 1309 Palladis
1191 1267 1317 1307 arbor
1346 1266 1476 1308 habet.
1511 1279 1562 1308 ex
1593 1267 1637 1308 P.
1657 1266 1728 1310 IV.
1763 1267 1828 1309 15.
1847 1267 1913 1310 10.

279 1339 379 1387 quot
411 1334 560 1388 Sicyon
591 1335 716 1376 bacas
737 1334 868 1387 parit,
915 1334 1063 1388 Neque
1108 1347 1234 1388 poma
1279 1333 1332 1377 ab
1375 1347 1424 1376 eo
1467 1335 1772 1387 praetermissa
1802 1338 1913 1379 sunt.

279 1407 378 1445 met..
412 1403 502 1447 VII.
525 1403 620 1445 585.
654 1403 802 1457 vulqus
831 1407 921 1445 erat
958 1406 1150 1455 stratum,
1187 1403 1312 1445 veluti
1347 1416 1439 1445 eum
1471 1404 1623 1456 putria
1651 1406 1764 1445 motu
1786 1416 1917 1456 poma

278 1471 433 1513 eadunt
459 1472 605 1513 ramis.
637 1472 747 1513 trist.
788 1471 857 1514 IV.
893 1473 929 1515 1.
962 1472 1029 1515 58.
1077 1470 1219 1525 (prius
1257 1471 1519 1523 numerabis)
1550 1485 1680 1525 poma
1717 1485 1798 1525 per
1841 1485 1916 1513 au-

280 1544 479 1582 tumnum.
513 1552 575 1581 ex.
608 1540 652 1582 P.
686 1540 758 1584 IV.
803 1539 868 1581 15.
903 1540 940 1582 7.
983 1554 1088 1593 quae
1129 1554 1300 1582 numero
1338 1543 1395 1582 tot
1435 1544 1543 1591 suut,
1586 1543 1683 1594 quot
1725 1540 1771 1582 iu
1799 1539 1916 1582 horto

275 1609 431 1664 fertilis
461 1609 555 1650 arui
588 1610 747 1661 pun-ica
776 1608 852 1650 sub
899 1608 1008 1650 lenta
1050 1610 1196 1651 cortice
1235 1622 1374 1663 yraua
1414 1608 1562 1650 rubent
1605 1621 1730 1662 quam
1761 1620 1913 1652 novam

278 1678 507 1729 imaginem
539 1677 631 1730 ipse
661 1676 832 1719 finxisse
872 1677 1054 1728 videtur,
1104 1690 1197 1719 cum
1242 1677 1373 1719 ceteri
1421 1681 1573 1730 poetae
1604 1676 1802 1727 colorem,
1833 1689 1916 1719 non

280 1743 511 1798 granorum
543 1745 857 1787 multitudinem
879 1744 1066 1787 laudent.
1129 1745 1320 1798 Denique
1342 1746 1564 1798 quinquies
1592 1745 1722 1788 etiam
1743 1743 1916 1788 floribus

280 1814 322 1855 in
354 1814 445 1856 eius
477 1814 588 1856 modi
620 1813 1007 1867 comparationibus
1038 1814 1174 1855 locum
1208 1814 1346 1856 dedit:
1381 1827 1417 1858 a..
1452 1826 1532 1857 am.
1565 1813 1640 1857 ΙΙΙ.
1674 1813 1768 1858 185.
1800 1813 1913 1856 trist.

279 1882 351 1926 IV.
387 1883 424 1926 1.
456 1881 524 1925 57.
558 1882 644 1924 ibid
675 1882 724 1924 V.
757 1883 794 1924 2.
828 1883 895 1926 23.
928 1881 988 1924 ΙΙ).
1024 1883 1118 1924 197.
1152 1895 1202 1924 ex
1233 1883 1278 1924 P.
1311 1882 1364 1925 ΙΙ.
1399 1883 1438 1925 7.
1470 1882 1538 1925 26.

418 2018 555 2073 Apes,
587 2018 689 2062 Mel.
750 2018 858 2069 Quid
899 2019 1066 2070 mirum,
1109 2019 1221 2061 inter
1261 2022 1326 2060 tot
1356 2017 1482 2061 flores
1512 2029 1614 2071 apes
1646 2018 1822 2067 versari,
1861 2018 1914 2059 de

280 2088 431 2140 quibus
478 2087 682 2130 Simonid.
726 2088 794 2129 47.
853 2089 982 2140 ὁμιλεῖ
1007 2089 1042 2128 δ’
1071 2087 1257 2136 ἄνθεσιν,
1299 2082 1376 2128 ὧτε
1420 2088 1586 2139 μέλισσα
1631 2090 1782 2136 ’ξανθὸν
1826 2086 1914 2139 μέλι

279 2156 485 2210 μηδομέιά
507 2160 550 2197 et
571 2155 604 2196 T
610 2155 747 2197 heOCl'.
766 2156 804 2199 9.
823 2156 890 2197 34.
923 2158 1225 2209 γλυκυριότερον,
1253 2155 1341 2198 οὔτε
1359 2156 1562 2208 μελίσσαις
1589 2154 1732 2199 ἄνθεα,
1761 2153 1914 2204 Quam-

281 2236 407 2277 quam
428 2224 480 2266 ab
497 2223 699 2277 Hymetto
732 2224 813 2265 mel
836 2224 1012 2265 Romam
1035 2224 1163 2273 venit,
1195 2228 1282 2265 tam
1307 2224 1389 2265 mel
1415 2223 1686 2276 Hyblaeense
1709 2224 1914 2276 optimum

283 2305 376 2334 esse
406 2292 696 2345 plurimasque
729 2304 830 2345 apes
867 2292 924 2333 ibi
956 2292 1149 2342 inveniri,
1183 2304 1310 2345 saepe
1342 2292 1495 2334 habes:
1546 2304 1584 2335 a.
1617 2304 1697 2335 am.
1729 2291 1783 2334 II.
1816 2290 1912 2335 517.

279 2360 351 2402 ΙΙΙ.
387 2360 481 2404 150.
511 2361 623 2403 trist.
668 2361 715 2402 V.
757 2361 794 2402 6.
838 2360 905 2405 38.
948 2373 998 2402 ex
1044 2360 1085 2402 P.
1118 2360 1188 2403 IV.
1224 2361 1288 2403 15.
1325 2361 1388 2402 10.
1450 2361 1564 2413 Apes
1595 2364 1798 2412 vagantes
1829 2359 1913 2403 iam

281 2429 493 2471 Homerus
524 2428 692 2471 exhibet
722 2429 769 2470 B.
803 2430 870 2471 86.
903 2441 1081 2482 eumque
1113 2433 1283 2471 secutus
1311 2434 1379 2471 ter
1399 2428 1613 2481 Vergilius
1634 2429 1737 2472 Aen.
1761 2428 1794 2470 I.
1814 2428 1911 2472 430.

281 2498 352 2539 VI.
386 2498 480 2540 707.
515 2497 606 2539 XII.
639 2497 735 2540 586.
797 2497 922 2550 Apud
963 2497 1159 2539 Ovidium
1195 2497 1259 2540 bis
1300 2510 1372 2540 eas
1410 2498 1451 2539 in
1483 2498 1692 2550 imagines
1719 2497 1914 2539 inductas

280 2566 469 2607 invenies
500 2578 536 2607 a.
570 2578 649 2607 am.
673 2565 704 2607 I.
727 2566 794 2608 95.
839 2568 913 2606 aut
941 2568 986 2606 ut
1016 2579 1115 2618 apes
1144 2565 1356 2618 saltusque
1385 2578 1484 2606 suos
1514 2568 1550 2606 et
1591 2564 1741 2606 olentia
1769 2567 1914 2606 nactae
1977 2596 1979 2599 >

274 2647 439 2686 pascua
460 2633 681 2685 perflores
701 2636 737 2675 et
767 2633 907 2687 thyma
937 2647 1102 2675 summa
1122 2634 1271 2675 volant.
1302 2634 1416 2677 Fast.
1449 2633 1522 2675 III.
1555 2633 1650 2676 555.
1684 2632 1912 2687 diffuyiuut

286 2701 415 2755 Tyrii,
447 2715 525 2754 quo
556 2715 751 2754 quemque
781 2701 866 2755 ayit
895 2715 1025 2753 error,
1056 2705 1102 2743 ut
1131 2702 1228 2743 olim
1260 2701 1413 2743 amisso
1445 2701 1595 2742 dubiae
1635 2714 1727 2754 reye
1753 2714 1911 2754 vayau-

281 2774 350 2811 tur
380 2783 491 2823 apes.
543 2770 694 2811 Melles
737 2769 1001 2812 dulcedinem
1031 2770 1169 2823 poetis
1199 2770 1419 2812 Hebraicis
1459 2769 1570 2811 haud
1609 2770 1810 2822 ignotam,
1856 2770 1909 2811 ab

282 2839 467 2880 Homero
512 2838 578 2880 bis
627 2862 682 2867 —
728 2842 775 2878 A
807 2838 845 2880 2.
876 2838 944 2880 49.
996 2842 1033 2879 Σ
1074 2838 1154 2881 109
1201 2863 1254 2868 -
1304 2838 1529 2889 laudatam,
1584 2841 1913 2879 commemorant

283 2908 457 2949 Theocr.
491 2907 528 2950 8.
561 2907 628 2951 83,
660 2910 823 2961 κρέσσον
843 2907 1079 2960 μελπομένιο
1102 2924 1168 2948 τευ
1185 2909 1381 2960 οἷκούεμεν
1417 2905 1441 2960 ἢ
1467 2905 1554 2959 με’λι
1581 2906 1727 2960 λείχειν
1755 2905 1820 2950 20.
1844 2905 1911 2949 26.

282 2975 322 3016 ἐκ
351 2979 562 3028 στομάτων
589 2976 631 3016 δὲ
658 2975 768 3029 ἔρρεε
795 2992 861 3028 μοι
889 2978 1002 3029 (μόνα
1031 2978 1299 3028 γλυκεριότερα
1330 2973 1353 3028 ἢ
1381 2974 1468 3027 με’λι
1495 2977 1613 3031 κήρῳ.
1642 2973 1800 3017 MOSCh.
1820 2974 1856 3014 1.
1870 2973 1911 3015 3.

282 3042 405 3083 {snrov
432 3044 497 3084 ὅτε
526 3044 688 3097 γλικίιον
715 3044 868 3096 μέλιτος
893 3046 1146 3097 βλεφάροισιν
1173 3043 1320 3096 ἐρίζων
1346 3046 1556 3095 λυσιμελής
1592 3043 1719 3098 πεδάᾳ
1746 3045 1914 3098 μαλακῷ

282 3116 381 3151 κατὰ
409 3115 513 3166 adea
543 3111 676 3168 d‘s'oucp
706 3112 758 3153 id.
792 3111 829 3153 2.
863 3111 901 3154 9.
935 3112 988 3160 (ὃς
1014 3110 1100 3163 με’λι
1129 3114 1257 3165 φωίἀ.
1298 3110 1430 3161 Verg.
1471 3110 1546 3153 ecl.
1587 3110 1624 3153 7.
1657 3109 1723 3151 38.
1775 3108 1911 3162 thymo
