2086 3470
951 198 1232 242 -28-

275 353 302 379 a
330 338 505 390 rupibus
527 336 831 391 praecipitibus
860 336 1075 389 sulcantes,
1109 337 1226 378 cuius
1255 337 1453 390 ‘itnayz'nis
1484 350 1586 377 usus
1614 337 1811 390 frequens
1839 339 1899 378 est

277 407 391 460 apud
429 407 609 461 trayz‘cos
647 406 860 459 epicosque
894 409 1037 458 peetus
1071 405 1300 459 pendetque
1339 419 1359 446 e
1401 404 1556 446 divinis
1606 404 1693 447 illis
1730 404 1907 447 Homeri

276 475 463 518 versibus
494 478 546 515 Π.
579 474 604 516 3
622 473 686 527 3⁷).
748 473 813 515 Ad
844 474 1158 516 multitudinem
1201 473 1509 528 depingendam
1540 473 1659 515 nives
1690 472 1906 516 adhibitae

277 547 375 586 sunt
411 546 445 584 Γ
466 549 552 587 221.
587 546 629 584 T
652 548 738 587 357.
785 541 948 584 Gallim.
991 542 1017 583 i.
1049 542 1142 584 Del.
1179 541 1271 583 175.
1305 542 1381 584 Ov.
1423 544 1476 583 tr.
1519 540 1591 583 IV.
1625 541 1661 585 1.
1693 540 1748 585 58
1779 553 1905 594 gran-

275 612 394 654 dines
425 614 573 653 contra
602 610 730 663 Verg.
755 610 909 663 Georg.
940 611 1010 655 IV.
1042 610 1109 654 80.
1154 610 1255 654 Aen.
1287 610 1336 654 V.
1368 609 1463 652 458.
1498 609 1574 652 Ov.
1606 612 1705 651 met.
1738 609 1787 652 V.
1821 610 1929 670 158Ἰ

275 680 334 723 Ib.
370 681 451 723 199
471 679 537 733 3⁵³).

411 771 634 814 Tonitrus
666 772 802 824 atque
823 770 1036 813 fulmina.
1082 770 1336 812 Tonitruum
1357 769 1571 823 fragorem
1602 769 1772 812 exhibet
1793 769 1901 812 Ver-

275 840 400 893 gilius
430 839 534 881 Aen.
567 838 660 880 XII.
691 839 786 881 922.
818 852 888 880 'nee
905 838 1091 893 fulmine
1121 838 1226 880 eunti
1255 838 1479 879 (assultant
1507 837 1696 891 crepitus,
1727 837 1904 880 tonitrus

274 908 422 962 procul
462 908 629 950 auditos
662 907 836 949 Ovidius
875 913 974 949 met.
1006 907 1100 949 XII.
1133 907 1200 949 51.
1245 907 1453 959 qualemve
1482 921 1641 958 senum,
1673 921 1765 948 eum
1794 905 1904 960 Jup-

265 977 378 1030 pvsster
409 980 526 1019 utras
555 976 756 1029 increpuit
787 976 924 1027 nubes,
964 979 1145 1018 extrema
1184 975 1367 1017 tonitrua
1401 975 1590 1018 reddunt.
1650 975 1683 1017 F
1688 975 1903 1027 ulminmll,

275 1063 453 1105 quorum
499 1050 768 1103 splendorem
813 1050 959 1092 laudat
1005 1050 1216 1092 Homerus
1263 1054 1316 1091 Κ.
1363 1049 1456 1092 153.
1505 1053 1562 1090 l.
1604 1049 1673 1092 66.
1715 1047 1764 1094 Ξ.
1805 1049 1901 1092 386.

275 1119 540 1162 celeritatem
584 1119 775 1171 respexit
815 1119 1029 1171 Vergilius
1075 1118 1177 1160 Aen.
1210 1118 1324 1161 VIII.
1368 1118 1463 1161 390.
1509 1132 1592 1159 >non
1631 1131 1746 1159 secus
1783 1121 1902 1171 atque

273 1189 370 1230 elim
400 1188 555 1230 tonitru
585 1201 678 1229 eum
707 1191 833 1240 rupta
862 1201 1027 1230 corusco
1047 1188 1167 1241 ‘lynea
1196 1188 1308 1229 rimu
1328 1188 1486 1229 vnu'euns
1507 1187 1719 1240 percurrit
1747 1186 1901 1229 lumine

274 1257 443 1299 nimbos.
490 1257 752 1298 celeritatem
799 1260 843 1298 et
888 1256 972 1298 vim
1016 1257 1115 1298 ibid.
1162 1256 1234 1300 IX.
1282 1257 1376 1300 706.
1408 1255 1611 1310 fulminis
1648 1258 1741 1297 aeta
1769 1255 1902 1297 modo.

273 1325 346 1368 XI.
379 1326 474 1369 616.
507 1338 703 1367 exeussus·
733 1324 941 1367 Aconteus
974 1325 1177 1379 fulminis
1206 1325 1250 1366 in
1280 1338 1445 1367 morem.
1505 1324 1742 1378 Utramque
1773 1324 1902 1366 etiam

274 1394 454 1436 Ovidius
481 1397 647 1447 spectat
678 1398 778 1435 met.
811 1393 924 1437 VIII.
957 1394 1041 1437 338
1071 1393 1165 1435 lune
1196 1407 1295 1446 aper
1325 1394 1479 1435 (we-itus
1509 1393 1664 1435 medios
1703 1392 1903 1434 violentus

271 1463 316 1504 in
346 1463 479 1504 hostes
498 1463 655 1517 fertur,
672 1465 718 1503 ut
737 1462 920 1504 excussis
950 1462 1041 1503 elisi
1060 1462 1238 1504 nubibus
1269 1463 1389 1515 ignes
1411 1495 1419 1504 .
1444 1462 1510 1504 eui
1540 1462 1630 1504 loco
1651 1461 1901 1514 Zingerleus

271 1531 481 1584 probante
513 1530 762 1573 Washietlio
805 1530 985 1573 contulit
1026 1530 1149 1572 Luer.
1183 1531 1235 1573 II.
1268 1531 1363 1572 214.
1404 1545 1513 1572 nune
1542 1530 1619 1582 Me,
1666 1543 1776 1571 nune
1804 1529 1902 1572 illue

272 1600 440 1653 abrupti
467 1599 646 1641 nubibus
675 1599 789 1653 mnes
810 1603 1066 1641 eonem-sant.
1109 1599 1193 1642 Sed
1223 1600 1427 1652 imagines
1458 1603 1556 1642 sunt
1577 1598 1900 1642 diversissimae.

272 1669 497 1711 Lueretius
528 1669 580 1710 de
611 1669 774 1711 duobus
815 1669 881 1710 vel
922 1668 1116 1722 pluribus
1154 1667 1398 1711 fulminibus
1439 1669 1542 1721 agit,
1585 1667 1759 1710 Ovidius
1798 1680 1900 1710 vero

273 1750 356 1780 non
386 1738 529 1790 potuit
559 1749 808 1790 comparare
839 1737 920 1779 nisi
951 1737 1022 1779 uni
1053 1736 1220 1778 fulmini
1261 1737 1424 1789 ingenti
1454 1737 1495 1778 vi
1526 1749 1575 1778 ac
1606 1736 1826 1779 eeleritate
1857 1737 1900 1778 in

271 1811 432 1848 terram
477 1806 660 1848 irruenti
704 1818 854 1859 aprum
900 1805 942 1846 in
986 1810 1209 1848 venatores
1249 1810 1456 1857 ruentem,
1503 1804 1713 1858 pluralem
1756 1808 1900 1848 autem

272 1887 493 1917 numerum
524 1875 681 1927 posuit,
714 1878 762 1916 ut
780 1874 1000 1925 indicaret,
1032 1874 1379 1927 unumquodque
1409 1873 1567 1916 fulmen
1593 1874 1655 1915 ita
1675 1874 1718 1915 in
1738 1876 1900 1915 terram

271 1943 389 2004 ferri.
440 1943 583 1985 Etiam
614 1943 656 1984 in
688 1955 736 1984 eo
767 1943 858 1985 loco
890 1943 1197 1985 diversissimos
1229 1955 1320 1985 esse
1350 1955 1512 1993 cernas,
1544 1943 1655 1996 quod
1675 1942 1899 1984 Lucretius

270 2011 447 2053 fulmina
478 2014 600 2053 vocat
643 2011 841 2064 abo-zwtos
875 2012 1052 2053 namibus
1086 2012 1211 2065 ignes,
1258 2011 1434 2053 Ovidius
1464 2023 1565 2053 vero
1608 2010 1724 2064 iynes
1758 2023 1898 2052 exeus-

268 2080 329 2121 sc's
358 2079 535 2121 nubibus
564 2079 695 2121 elisos.
761 2080 836 2122 Vis
877 2081 987 2122 enim
1026 2080 1240 2132 participii
1282 2080 1483 2132 abruptus
1527 2079 1594 2121 hic
1639 2091 1722 2121 non
1751 2082 1896 2132 potest

272 2160 365 2190 esse
396 2148 476 2190 nisi
506 2147 720 2198 reflexiva,
762 2148 936 2190 Ovidius
967 2151 1108 2190 autem
1150 2148 1323 2190 nubium
1354 2159 1559 2190 concursu
1588 2146 1692 2190 facit
1721 2147 1898 2190 fulmina

272 2230 294 2259 e
324 2215 504 2259 nubibus
535 2216 646 2258 elidi.
698 2217 818 2268 Quod
849 2229 949 2259 vero
981 2216 1094 2270 apud
1122 2220 1350 2270 utrumque
1381 2229 1461 2258 vox
1500 2216 1627 2258 nubes
1655 2216 1897 2269 reperiatur

276 2284 534 2338 fulminaque
579 2285 706 2337 ignea
750 2288 798 2327 ut
822 2298 869 2327 ·a
912 2285 1052 2338 poetis
1094 2285 1208 2338 ‘terres
1253 2288 1470 2336 vocentur,
1522 2284 1803 2327 imitationem
1849 2296 1897 2326 ae

270 2353 532 2406 eonspieucun
562 2353 731 2407 quidem
762 2366 867 2403 esse,
899 2366 1020 2396 nemo
1052 2354 1201 2407 opinor
1230 2353 1410 2407 putabit.

405 2445 547 2488 Mens.
595 2443 808 2488 Somnus.
868 2445 1091 2487 Hominem
1133 2445 1319 2487 fulminis
1364 2445 1451 2487 ictu
1495 2448 1637 2487 mente
1681 2445 1896 2498 privatum

271 2513 445 2555 Ovidius
477 2513 647 2555 exhibet
676 2514 789 2557 trist.
820 2514 851 2555 I.
884 2514 923 2557 3.
958 2514 1023 2558 11.
1064 2527 1146 2555 non
1176 2514 1296 2555 aliter
1325 2513 1477 2565 stupui,
1518 2526 1644 2565 quam
1680 2512 1751 2566 qui
1780 2512 1896 2554 Iovis

269 2581 433 2635 mnibus
462 2580 567 2622 ictus
596 2581 695 2622 vivit
724 2585 761 2623 et
789 2585 848 2623 est
876 2582 982 2623 vitae
1011 2583 1173 2624 nescius
1202 2582 1289 2635 ipse
1317 2595 1429 2623 suae.
1471 2594 1596 2634 quam
1627 2584 1770 2623 tamen
1800 2593 1894 2624 sen-

268 2650 447 2691 tentiam
477 2662 561 2691 non
591 2649 643 2692 ab
675 2650 746 2691 illo
777 2650 994 2692 inventam
1026 2663 1118 2692 esse
1148 2663 1249 2693 usus
1277 2650 1508 2692 communis
1546 2650 1661 2691 vocis
1699 2649 1896 2691 attonitus

269 2718 374 2760 satis
395 2721 618 2761 monstrat.
661 2717 778 2759 Idem
800 2719 935 2760 sentio
957 2718 1009 2760 de
1039 2737 1062 2772 η
1089 2724 1138 2763 36
1174 2724 1254 2759 τῶν
1288 2718 1369 2768 νέες
1402 2720 1534 2759 οἰκεῖαι
1570 2719 1826 2772 (ὖςει.νόημα
1843 2716 1894 2769 3⁹)

269 2798 394 2839 quam
426 2798 449 2827 e
479 2786 636 2828 nostris
667 2798 789 2828 nemo
819 2791 994 2839 praeter
1022 2787 1309 2839 Theognidem
1339 2786 1515 2839 profert.
1548 2786 1643 2829 985.
1684 2782 1789 2839 αἶψα
1815 2789 1892 2840 γάρ

269 2853 368 2895 ὥστε
398 2856 529 2907 νόημα
556 2854 795 2909 παρέρχεται
823 2857 968 2909 ιίγλαὸς
996 2854 1084 2909 ἥβη.
1115 2855 1348 2907 Imaginem
1369 2854 1532 2905 somnii,
1564 2867 1647 2907 qua
1667 2866 1743 2896 nos
1765 2854 1894 2896 etiam

404 2976 446 3022 ³⁷)
469 2978 720 3013 Wilamowitz.
745 2978 912 3013 analecta
935 2978 1142 3023 Euripidea.

403 3034 448 3078 38)
474 3035 575 3069 nives
599 3035 644 3069 de
679 3037 803 3069 monte
827 3035 944 3069 ventis
981 3035 1182 3078 devolutas,
1220 3046 1311 3079 quas
1345 3035 1541 3070 Gudrunae
1578 3037 1708 3070 auctor
1744 3034 1892 3070 exhibet

267 3090 344 3125 861.
371 3091 459 3125 1417
483 3091 581 3136 apud
605 3093 742 3136 poetas,
768 3102 859 3135 quos
884 3092 944 3126 hio
968 3093 1182 3135 tractamus,
1207 3103 1279 3126 non
1303 3092 1433 3127 inveni.

404 3147 447 3193 ³⁹)
471 3148 635 3194 Xenoph.
661 3148 850 3183 memorab
874 3148 929 3185 IV.
956 3149 1009 3183 13.
1036 3149 1165 3180 θᾶττον
1192 3149 1362 3192 νοήματος.
