<?xml version="1.0" encoding="UTF-8"?>
<!DOCTYPE html PUBLIC "-//W3C//DTD XHTML 1.0 Transitional//EN"
    "http://www.w3.org/TR/xhtml1/DTD/xhtml1-transitional.dtd">
<html xmlns="http://www.w3.org/1999/xhtml" xml:lang="en" lang="en">
 <head>
  <title>
</title>
<meta http-equiv="Content-Type" content="text/html;charset=utf-8" />
  <meta name='ocr-system' content='tesseract 3.04.00' />
  <meta name='ocr-capabilities' content='ocr_page ocr_carea ocr_par ocr_line ocrx_word'/>
</head>
<body>
  <div class='ocr_page' id='page_1' title='image "./desimilitudinibu00mluoft_0055.png"; bbox 0 0 2086 3470; ppageno 0'>
   <div class='ocr_carea' id='block_1_1' title="bbox 0 0 317 94">
    <p class='ocr_par' dir='ltr' id='par_1_1' title="bbox 0 0 317 94">
     <span class='ocr_line' id='line_1_1' title="bbox 0 0 317 94; baseline 0 3376"><span class='ocrx_word' id='word_1_1' title='bbox 0 0 317 94; x_wconf 95' lang='lat' dir='ltr'><strong><em> </em></strong></span> 
     </span>
    </p>
   </div>
   <div class='ocr_carea' id='block_1_2' title="bbox 887 163 1173 214">
    <p class='ocr_par' dir='ltr' id='par_1_2' title="bbox 887 163 1173 214">
     <span class='ocr_line' id='line_1_2' title="bbox 887 163 1173 214; baseline 0 -13"><span class='ocrx_word' id='word_1_2' title='bbox 887 163 1173 214; x_wconf 31' lang='lat' dir='ltr'><strong><em>„md</em></strong></span> 
     </span>
    </p>
   </div>
   <div class='ocr_carea' id='block_1_3' title="bbox 195 306 1862 2930">
    <p class='ocr_par' dir='ltr' id='par_1_3' title="bbox 200 306 1862 975">
     <span class='ocr_line' id='line_1_3' title="bbox 205 306 1860 364; baseline 0 -12"><span class='ocrx_word' id='word_1_3' title='bbox 205 307 281 364; x_wconf 74' lang='lat' dir='ltr'><strong><em>qui</em></strong></span> <span class='ocrx_word' id='word_1_4' title='bbox 317 322 441 363; x_wconf 83' lang='lat' dir='ltr'><strong><em>vepre</em></strong></span> <span class='ocrx_word' id='word_1_5' title='bbox 480 309 615 352; x_wconf 77' lang='lat' dir='ltr'><strong><em>lateus</em></strong></span> <span class='ocrx_word' id='word_1_6' title='bbox 653 308 826 353; x_wconf 77' lang='lat' dir='ltr'><strong><em>hostilia</em></strong></span> <span class='ocrx_word' id='word_1_7' title='bbox 864 310 996 352; x_wconf 74' lang='lat' dir='ltr'><strong><em>cernit</em></strong></span> <span class='ocrx_word' id='word_1_8' title='bbox 1034 323 1111 352; x_wconf 82' lang='lat' dir='ltr'><strong><em>ora</em></strong></span> <span class='ocrx_word' id='word_1_9' title='bbox 1152 322 1305 352; x_wconf 81' lang='lat' dir='ltr'><strong><em>comum</em></strong></span> <span class='ocrx_word' id='word_1_10' title='bbox 1343 309 1562 364; x_wconf 74' lang='lat' dir='ltr'><strong><em>nullosque</em></strong></span> <span class='ocrx_word' id='word_1_11' title='bbox 1601 308 1728 352; x_wconf 83' lang='lat' dir='ltr'><strong><em>audet</em></strong></span> <span class='ocrx_word' id='word_1_12' title='bbox 1757 306 1860 352; x_wconf 77' lang='lat' dir='ltr'><strong><em>dare</em></strong></span> 
     </span>
     <span class='ocr_line' id='line_1_4' title="bbox 207 378 1859 433; baseline -0.001 -11"><span class='ocrx_word' id='word_1_13' title='bbox 207 390 382 432; x_wconf 81' lang='lat' dir='ltr'><strong><em>corpore</em></strong></span> <span class='ocrx_word' id='word_1_14' title='bbox 423 381 574 431; x_wconf 85' lang='lat' dir='ltr'><strong><em>motus,</em></strong></span> <span class='ocrx_word' id='word_1_15' title='bbox 622 390 731 432; x_wconf 85' lang='lat' dir='ltr'><strong><em>quae</em></strong></span> <span class='ocrx_word' id='word_1_16' title='bbox 777 391 903 433; x_wconf 85' lang='lat' dir='ltr'><strong><em>quam</em></strong></span> <span class='ocrx_word' id='word_1_17' title='bbox 949 378 1100 432; x_wconf 85' lang='lat' dir='ltr'><strong><em>pulcra</em></strong></span> <span class='ocrx_word' id='word_1_18' title='bbox 1145 379 1202 422; x_wconf 92' lang='lat' dir='ltr'><strong><em>sit</em></strong></span> <span class='ocrx_word' id='word_1_19' title='bbox 1244 378 1399 432; x_wconf 86' lang='lat' dir='ltr'>imago,</span> <span class='ocrx_word' id='word_1_20' title='bbox 1447 391 1575 433; x_wconf 88' lang='lat' dir='ltr'><strong><em>quam</em></strong></span> <span class='ocrx_word' id='word_1_21' title='bbox 1615 378 1670 422; x_wconf 84' lang='lat' dir='ltr'><strong><em>ad</em></strong></span> <span class='ocrx_word' id='word_1_22' title='bbox 1709 390 1859 422; x_wconf 89' lang='lat' dir='ltr'><strong><em>verum</em></strong></span> 
     </span>
     <span class='ocr_line' id='line_1_5' title="bbox 204 447 1860 502; baseline 0.001 -12"><span class='ocrx_word' id='word_1_23' title='bbox 204 457 422 501; x_wconf 84' lang='lat' dir='ltr'><strong><em>expressa,</em></strong></span> <span class='ocrx_word' id='word_1_24' title='bbox 455 459 580 490; x_wconf 90' lang='lat' dir='ltr'><strong><em>nemo</em></strong></span> <span class='ocrx_word' id='word_1_25' title='bbox 611 447 693 490; x_wconf 89' lang='lat' dir='ltr'><strong><em>nisi</em></strong></span> <span class='ocrx_word' id='word_1_26' title='bbox 725 451 906 490; x_wconf 87' lang='lat' dir='ltr'><strong><em>venator</em></strong></span> <span class='ocrx_word' id='word_1_27' title='bbox 935 447 1096 490; x_wconf 89' lang='lat' dir='ltr'><strong><em>sentire</em></strong></span> <span class='ocrx_word' id='word_1_28' title='bbox 1126 451 1285 501; x_wconf 89' lang='lat' dir='ltr'><strong><em>potest,</em></strong></span> <span class='ocrx_word' id='word_1_29' title='bbox 1318 448 1391 502; x_wconf 87' lang='lat' dir='ltr'><strong><em>qui</em></strong></span> <span class='ocrx_word' id='word_1_30' title='bbox 1421 448 1612 502; x_wconf 91' lang='lat' dir='ltr'><strong><em>leporem</em></strong></span> <span class='ocrx_word' id='word_1_31' title='bbox 1634 448 1694 491; x_wconf 89' lang='lat' dir='ltr'><strong><em>sic</em></strong></span> <span class='ocrx_word' id='word_1_32' title='bbox 1718 448 1860 491; x_wconf 85' lang='lat' dir='ltr'><strong><em>iacen-</em></strong></span> 
     </span>
     <span class='ocr_line' id='line_1_6' title="bbox 204 514 1859 571; baseline 0.001 -12"><span class='ocrx_word' id='word_1_33' title='bbox 204 519 293 559; x_wconf 88' lang='lat' dir='ltr'><strong><em>tem</em></strong></span> <span class='ocrx_word' id='word_1_34' title='bbox 347 516 610 570; x_wconf 87' lang='lat' dir='ltr'><strong><em>supervenit.</em></strong></span> <span class='ocrx_word' id='word_1_35' title='bbox 686 514 814 559; x_wconf 86' lang='lat' dir='ltr'><strong><em>Canis</em></strong></span> <span class='ocrx_word' id='word_1_36' title='bbox 876 516 1097 559; x_wconf 83' lang='lat' dir='ltr'><strong><em>venaticus</em></strong></span> <span class='ocrx_word' id='word_1_37' title='bbox 1147 515 1263 559; x_wconf 86' lang='lat' dir='ltr'><strong><em>feras</em></strong></span> <span class='ocrx_word' id='word_1_38' title='bbox 1314 517 1579 570; x_wconf 81' lang='lat' dir='ltr'>investigans</span> <span class='ocrx_word' id='word_1_39' title='bbox 1630 521 1696 560; x_wconf 86' lang='lat' dir='ltr'><strong><em>est</em></strong></span> <span class='ocrx_word' id='word_1_40' title='bbox 1745 517 1859 571; x_wconf 87' lang='lat' dir='ltr'><strong><em>apud</em></strong></span> 
     </span>
     <span class='ocr_line' id='line_1_7' title="bbox 203 582 1860 642; baseline 0.001 -15"><span class='ocrx_word' id='word_1_41' title='bbox 203 584 432 628; x_wconf 88' lang='lat' dir='ltr'><strong><em>Horatium</em></strong></span> <span class='ocrx_word' id='word_1_42' title='bbox 462 585 585 639; x_wconf 88' lang='lat' dir='ltr'><strong><em>epod.</em></strong></span> <span class='ocrx_word' id='word_1_43' title='bbox 620 582 687 629; x_wconf 82' lang='lat'><strong><em>12.</em></strong></span> <span class='ocrx_word' id='word_1_44' title='bbox 730 584 770 628; x_wconf 85' lang='lat'><strong><em>6.</em></strong></span> <span class='ocrx_word' id='word_1_45' title='bbox 810 598 992 639; x_wconf 74' lang='lat' dir='ltr'><strong><em>namque</em></strong></span> <span class='ocrx_word' id='word_1_46' title='bbox 1021 586 1222 640; x_wconf 74' lang='lat' dir='ltr'><strong><em>sayacius</em></strong></span> <span class='ocrx_word' id='word_1_47' title='bbox 1252 599 1364 628; x_wconf 79' lang='lat' dir='ltr'><strong><em>unus</em></strong></span> <span class='ocrx_word' id='word_1_48' title='bbox 1394 586 1560 639; x_wconf 81' lang='lat' dir='ltr'><strong><em>odoror,</em></strong></span> <span class='ocrx_word' id='word_1_49' title='bbox 1584 586 1773 642; x_wconf 78' lang='lat' dir='ltr'><em>polypus</em></span> <span class='ocrx_word' id='word_1_50' title='bbox 1804 600 1860 628; x_wconf 78' lang='lat' dir='ltr'><strong><em>an</em></strong></span> 
     </span>
     <span class='ocr_line' id='line_1_8' title="bbox 200 653 1862 710; baseline 0 -12"><span class='ocrx_word' id='word_1_51' title='bbox 200 655 348 710; x_wconf 66' lang='lat' dir='ltr'><strong><em>mavis</em></strong></span> <span class='ocrx_word' id='word_1_52' title='bbox 375 653 554 698; x_wconf 76' lang='lat' dir='ltr'><strong><em>hirsutis</em></strong></span> <span class='ocrx_word' id='word_1_53' title='bbox 590 653 708 697; x_wconf 86' lang='lat' dir='ltr'><strong><em>cubet</em></strong></span> <span class='ocrx_word' id='word_1_54' title='bbox 747 653 892 696; x_wconf 76' lang='lat' dir='ltr'><strong><em>hircus</em></strong></span> <span class='ocrx_word' id='word_1_55' title='bbox 922 655 968 696; x_wconf 80' lang='lat' dir='ltr'><strong><em>in</em></strong></span> <span class='ocrx_word' id='word_1_56' title='bbox 1009 654 1105 708; x_wconf 79' lang='lat' dir='ltr'><strong><em>alis,</em></strong></span> <span class='ocrx_word' id='word_1_57' title='bbox 1147 669 1275 710; x_wconf 76' lang='lat' dir='ltr'><strong><em>qua-m</em></strong></span> <span class='ocrx_word' id='word_1_58' title='bbox 1320 656 1440 698; x_wconf 73' lang='lat' dir='ltr'><strong><em>canis</em></strong></span> <span class='ocrx_word' id='word_1_59' title='bbox 1478 668 1587 708; x_wconf 84' lang='lat' dir='ltr'><strong><em>acer,</em></strong></span> <span class='ocrx_word' id='word_1_60' title='bbox 1630 655 1705 698; x_wconf 81' lang='lat' dir='ltr'><strong><em>ubi</em></strong></span> <span class='ocrx_word' id='word_1_61' title='bbox 1734 655 1862 699; x_wconf 80' lang='lat' dir='ltr'><strong><em>lateat</em></strong></span> 
     </span>
     <span class='ocr_line' id='line_1_9' title="bbox 203 723 1861 779; baseline 0 -12"><span class='ocrx_word' id='word_1_62' title='bbox 203 736 279 768; x_wconf 83' lang='lat' dir='ltr'><strong><em>sus</em></strong></span> <span class='ocrx_word' id='word_1_63' title='bbox 309 727 354 766; x_wconf 90' lang='lat' dir='ltr'><strong><em>et</em></strong></span> <span class='ocrx_word' id='word_1_64' title='bbox 385 723 500 777; x_wconf 86' lang='lat' dir='ltr'><strong><em>apud</em></strong></span> <span class='ocrx_word' id='word_1_65' title='bbox 529 723 731 766; x_wconf 88' lang='lat' dir='ltr'><strong><em>Ovidium</em></strong></span> <span class='ocrx_word' id='word_1_66' title='bbox 762 723 876 767; x_wconf 89' lang='lat' dir='ltr'><strong><em>trist.</em></strong></span> <span class='ocrx_word' id='word_1_67' title='bbox 910 723 960 768; x_wconf 87' lang='lat' dir='ltr'><strong><em>V.</em></strong></span> <span class='ocrx_word' id='word_1_68' title='bbox 988 724 1028 767; x_wconf 87' lang='grc'><strong><em>9.</em></strong></span> <span class='ocrx_word' id='word_1_69' title='bbox 1051 723 1119 767; x_wconf 85' lang='grc'><strong><em>27.</em></strong></span> <span class='ocrx_word' id='word_1_70' title='bbox 1152 728 1278 779; x_wconf 80' lang='lat' dir='ltr'><strong><em>utque</em></strong></span> <span class='ocrx_word' id='word_1_71' title='bbox 1309 738 1452 767; x_wconf 76' lang='lat' dir='ltr'><strong><em>canem</em></strong></span> <span class='ocrx_word' id='word_1_72' title='bbox 1473 724 1662 778; x_wconf 75' lang='lat' dir='ltr'><em>pavidae</em></span> <span class='ocrx_word' id='word_1_73' title='bbox 1690 729 1861 767; x_wconf 74' lang='lat' dir='ltr'><strong><em>nactum</em></strong></span> 
     </span>
     <span class='ocr_line' id='line_1_10' title="bbox 203 792 1860 848; baseline 0.001 -12"><span class='ocrx_word' id='word_1_74' title='bbox 203 793 379 848; x_wconf 74' lang='lat' dir='ltr'><strong><em>vestiyia</em></strong></span> <span class='ocrx_word' id='word_1_75' title='bbox 409 806 552 836; x_wconf 81' lang='lat' dir='ltr'><strong><em>cervae</em></strong></span> <span class='ocrx_word' id='word_1_76' title='bbox 583 792 807 835; x_wconf 78' lang='lat' dir='ltr'><strong><em>luctantem</em></strong></span> <span class='ocrx_word' id='word_1_77' title='bbox 846 793 1014 847; x_wconf 68' lang='lat' dir='ltr'><strong><em>frustra</em></strong></span> <span class='ocrx_word' id='word_1_78' title='bbox 1055 794 1208 847; x_wconf 81' lang='lat' dir='ltr'><strong><em>copula</em></strong></span> <span class='ocrx_word' id='word_1_79' title='bbox 1248 794 1362 837; x_wconf 80' lang='lat' dir='ltr'><strong><em>dura</em></strong></span> <span class='ocrx_word' id='word_1_80' title='bbox 1390 798 1506 837; x_wconf 78' lang='lat' dir='ltr'><strong><em>tenet.</em></strong></span> <span class='ocrx_word' id='word_1_81' title='bbox 1569 793 1726 837; x_wconf 84' lang='lat' dir='ltr'><strong><em>Canem</em></strong></span> <span class='ocrx_word' id='word_1_82' title='bbox 1759 806 1860 837; x_wconf 87' lang='lat' dir='ltr'><strong><em>vero</em></strong></span> 
     </span>
     <span class='ocr_line' id='line_1_11' title="bbox 204 861 1860 916; baseline 0 -10"><span class='ocrx_word' id='word_1_83' title='bbox 204 866 304 916; x_wconf 81' lang='lat' dir='ltr'><strong><em>post</em></strong></span> <span class='ocrx_word' id='word_1_84' title='bbox 334 861 573 906; x_wconf 84' lang='lat' dir='ltr'><strong><em>venationis</em></strong></span> <span class='ocrx_word' id='word_1_85' title='bbox 618 862 787 905; x_wconf 85' lang='lat' dir='ltr'><strong><em>labores</em></strong></span> <span class='ocrx_word' id='word_1_86' title='bbox 828 862 1121 915; x_wconf 84' lang='lat' dir='ltr'><strong><em>quiescentem</em></strong></span> <span class='ocrx_word' id='word_1_87' title='bbox 1164 875 1247 906; x_wconf 89' lang='lat' dir='ltr'><strong><em>non</em></strong></span> <span class='ocrx_word' id='word_1_88' title='bbox 1287 864 1368 907; x_wconf 89' lang='lat' dir='ltr'><strong><em>nisi</em></strong></span> <span class='ocrx_word' id='word_1_89' title='bbox 1399 863 1442 906; x_wconf 90' lang='lat' dir='ltr'><strong><em>in</em></strong></span> <span class='ocrx_word' id='word_1_90' title='bbox 1473 863 1860 907; x_wconf 85' lang='lat' dir='ltr'><strong><em>Alexandrinorum</em></strong></span> 
     </span>
     <span class='ocr_line' id='line_1_12' title="bbox 209 930 1188 975; baseline 0 -1"><span class='ocrx_word' id='word_1_91' title='bbox 209 931 471 975; x_wconf 85' lang='lat' dir='ltr'>carminibus</span> <span class='ocrx_word' id='word_1_92' title='bbox 500 931 670 974; x_wconf 87' lang='lat' dir='ltr'><strong><em>inveni:</em></strong></span> <span class='ocrx_word' id='word_1_93' title='bbox 703 930 870 973; x_wconf 89' lang='lat' dir='ltr'><strong><em>Callim.</em></strong></span> <span class='ocrx_word' id='word_1_94' title='bbox 903 931 946 973; x_wconf 89' lang='lat' dir='ltr'><strong><em>in</em></strong></span> <span class='ocrx_word' id='word_1_95' title='bbox 977 931 1072 975; x_wconf 89' lang='lat' dir='ltr'><strong><em>Del.</em></strong></span> <span class='ocrx_word' id='word_1_96' title='bbox 1104 931 1188 974; x_wconf 83' lang='lat'><strong><em>228</em></strong></span> 
     </span>
    </p>

    <p class='ocr_par' dir='ltr' id='par_1_4' title="bbox 528 991 1478 1050">
     <span class='ocr_line' id='line_1_13' title="bbox 528 991 1478 1050; baseline 0.002 -14"><span class='ocrx_word' id='word_1_97' title='bbox 528 991 555 1050; x_wconf 77' lang='grc' dir='ltr'><strong><em>ἦ</em></strong></span> <span class='ocrx_word' id='word_1_98' title='bbox 580 997 645 1036; x_wconf 80' lang='grc' dir='ltr'><strong><em>καὶ</em></strong></span> <span class='ocrx_word' id='word_1_99' title='bbox 672 995 748 1036; x_wconf 74' lang='grc' dir='ltr'><strong><em>ὑπὸ</em></strong></span> <span class='ocrx_word' id='word_1_100' title='bbox 778 997 964 1050; x_wconf 75' lang='grc' dir='ltr'><em>χρύσειον</em></span> <span class='ocrx_word' id='word_1_101' title='bbox 991 995 1174 1038; x_wconf 76' lang='grc' dir='ltr'><em>ἐδέθλιον</em></span> <span class='ocrx_word' id='word_1_102' title='bbox 1202 993 1264 1047; x_wconf 74' lang='grc' dir='ltr'><strong><em>ἷζε</em></strong></span> <span class='ocrx_word' id='word_1_103' title='bbox 1291 1000 1397 1038; x_wconf 84' lang='grc' dir='ltr'><em>κύων</em></span> <span class='ocrx_word' id='word_1_104' title='bbox 1425 996 1478 1049; x_wconf 76' lang='grc' dir='ltr'><strong><em>ιῖἶς</em></strong></span> 
     </span>
    </p>

    <p class='ocr_par' dir='ltr' id='par_1_5' title="bbox 531 1062 1586 1121">
     <span class='ocr_line' id='line_1_14' title="bbox 531 1062 1586 1121; baseline 0.003 -17"><span class='ocrx_word' id='word_1_105' title='bbox 531 1062 777 1117; x_wconf 76' lang='grc' dir='ltr'><em>Ἀρτέμιδος,</em></span> <span class='ocrx_word' id='word_1_106' title='bbox 807 1063 886 1119; x_wconf 77' lang='grc' dir='ltr'><em>ἥτις</em></span> <span class='ocrx_word' id='word_1_107' title='bbox 919 1081 974 1114; x_wconf 86' lang='grc' dir='ltr'><strong><em>τε,</em></strong></span> <span class='ocrx_word' id='word_1_108' title='bbox 1002 1068 1106 1120; x_wconf 74' lang='grc' dir='ltr'><em>θοῆς</em></span> <span class='ocrx_word' id='word_1_109' title='bbox 1133 1064 1198 1107; x_wconf 79' lang='grc' dir='ltr'><strong><em>ὅτε</em></strong></span> <span class='ocrx_word' id='word_1_110' title='bbox 1228 1068 1422 1108; x_wconf 79' lang='grc' dir='ltr'><em>παύσεται</em></span> <span class='ocrx_word' id='word_1_111' title='bbox 1451 1065 1586 1121; x_wconf 74' lang='grc' dir='ltr'><em>ἄγρης,</em></span> 
     </span>
    </p>

    <p class='ocr_par' dir='ltr' id='par_1_6' title="bbox 527 1132 1532 1190">
     <span class='ocr_line' id='line_1_15' title="bbox 527 1132 1532 1190; baseline 0.003 -17"><span class='ocrx_word' id='word_1_112' title='bbox 527 1132 604 1182; x_wconf 75' lang='grc' dir='ltr'><em>ἵζει</em></span> <span class='ocrx_word' id='word_1_113' title='bbox 633 1135 857 1189; x_wconf 72' lang='grc' dir='ltr'><em>θήρήτειρα</em></span> <span class='ocrx_word' id='word_1_114' title='bbox 886 1135 967 1189; x_wconf 80' lang='grc' dir='ltr'><strong><em>παῤ</em></strong></span> <span class='ocrx_word' id='word_1_115' title='bbox 995 1132 1160 1188; x_wconf 77' lang='grc' dir='ltr'><em>ἴχνεσιν,</em></span> <span class='ocrx_word' id='word_1_116' title='bbox 1189 1133 1314 1176; x_wconf 71' lang='grc' dir='ltr'><em>οὔατα</em></span> <span class='ocrx_word' id='word_1_117' title='bbox 1342 1136 1378 1176; x_wconf 68' lang='grc' dir='ltr'><strong><em>δ’</em></strong></span> <span class='ocrx_word' id='word_1_118' title='bbox 1407 1137 1532 1190; x_wconf 73' lang='grc' dir='ltr'><em>αὐτῆς</em></span> 
     </span>
    </p>

    <p class='ocr_par' dir='ltr' id='par_1_7' title="bbox 195 1202 1862 2774">
     <span class='ocr_line' id='line_1_16' title="bbox 530 1202 1663 1260; baseline 0.003 -18"><span class='ocrx_word' id='word_1_119' title='bbox 530 1203 640 1256; x_wconf 72' lang='grc' dir='ltr'><strong><em>ὀρθά</em></strong></span> <span class='ocrx_word' id='word_1_120' title='bbox 668 1204 778 1255; x_wconf 79' lang='grc' dir='ltr'>μάλ’,</span> <span class='ocrx_word' id='word_1_121' title='bbox 807 1202 892 1243; x_wconf 73' lang='grc' dir='ltr'><em>αἰὲν</em></span> <span class='ocrx_word' id='word_1_122' title='bbox 919 1202 1060 1256; x_wconf 64' lang='grc' dir='ltr'><em>ἑτοῖμα</em></span> <span class='ocrx_word' id='word_1_123' title='bbox 1090 1206 1191 1258; x_wconf 77' lang='grc' dir='ltr'><em>θεῆς</em></span> <span class='ocrx_word' id='word_1_124' title='bbox 1218 1203 1448 1258; x_wconf 71' lang='grc' dir='ltr'><strong><em>ὑποδέχθαι</em></strong></span> <span class='ocrx_word' id='word_1_125' title='bbox 1476 1206 1663 1260; x_wconf 72' lang='grc' dir='ltr'><em>ὁμοκλήν.</em></span> 
     </span>
     <span class='ocr_line' id='line_1_17' title="bbox 203 1275 1857 1332; baseline 0.001 -13"><span class='ocrx_word' id='word_1_126' title='bbox 203 1279 262 1328; x_wconf 89' lang='lat' dir='ltr'><strong><em>et,</em></strong></span> <span class='ocrx_word' id='word_1_127' title='bbox 293 1275 432 1329; x_wconf 82' lang='lat' dir='ltr'><strong><em>magis</em></strong></span> <span class='ocrx_word' id='word_1_128' title='bbox 464 1275 519 1318; x_wconf 87' lang='lat' dir='ltr'><strong><em>ad</em></strong></span> <span class='ocrx_word' id='word_1_129' title='bbox 548 1275 770 1330; x_wconf 89' lang='lat' dir='ltr'><strong><em>popularis</em></strong></span> <span class='ocrx_word' id='word_1_130' title='bbox 801 1277 1011 1320; x_wconf 88' lang='lat' dir='ltr'><strong><em>sermonis</em></strong></span> <span class='ocrx_word' id='word_1_131' title='bbox 1044 1281 1087 1320; x_wconf 90' lang='lat' dir='ltr'><strong><em>et</em></strong></span> <span class='ocrx_word' id='word_1_132' title='bbox 1117 1290 1256 1331; x_wconf 84' lang='lat' dir='ltr'><strong><em>paene</em></strong></span> <span class='ocrx_word' id='word_1_133' title='bbox 1288 1277 1342 1320; x_wconf 84' lang='lat' dir='ltr'><strong><em>ad</em></strong></span> <span class='ocrx_word' id='word_1_134' title='bbox 1363 1278 1582 1332; x_wconf 88' lang='lat' dir='ltr'><strong><em>proverbii</em></strong></span> <span class='ocrx_word' id='word_1_135' title='bbox 1605 1278 1777 1321; x_wconf 90' lang='lat' dir='ltr'><strong><em>modum</em></strong></span> <span class='ocrx_word' id='word_1_136' title='bbox 1808 1283 1857 1321; x_wconf 89' lang='lat' dir='ltr'><strong><em>ut</em></strong></span> 
     </span>
     <span class='ocr_line' id='line_1_18' title="bbox 203 1344 1857 1399; baseline 0.002 -12"><span class='ocrx_word' id='word_1_137' title='bbox 203 1357 408 1399; x_wconf 83' lang='lat' dir='ltr'><strong><em>expressa</em></strong></span> <span class='ocrx_word' id='word_1_138' title='bbox 445 1344 674 1388; x_wconf 84' lang='lat' dir='ltr'><strong><em>videantur</em></strong></span> <span class='ocrx_word' id='word_1_139' title='bbox 715 1346 858 1398; x_wconf 84' lang='lat' dir='ltr'><strong><em>verba,</em></strong></span> <span class='ocrx_word' id='word_1_140' title='bbox 898 1347 942 1388; x_wconf 91' lang='lat' dir='ltr'><strong><em>in</em></strong></span> <span class='ocrx_word' id='word_1_141' title='bbox 979 1347 1206 1390; x_wconf 85' lang='lat' dir='ltr'>subditicio</span> <span class='ocrx_word' id='word_1_142' title='bbox 1238 1347 1311 1390; x_wconf 89' lang='lat' dir='ltr'><strong><em>illo</em></strong></span> <span class='ocrx_word' id='word_1_143' title='bbox 1349 1349 1539 1391; x_wconf 85' lang='lat' dir='ltr'><strong><em>carmine</em></strong></span> <span class='ocrx_word' id='word_1_144' title='bbox 1583 1348 1857 1399; x_wconf 87' lang='lat' dir='ltr'><strong><em>Theocriteo‚</em></strong></span> 
     </span>
     <span class='ocr_line' id='line_1_19' title="bbox 201 1413 1862 1473; baseline 0.002 -18"><span class='ocrx_word' id='word_1_145' title='bbox 201 1415 324 1464; x_wconf 77' lang='grc' dir='ltr'><strong><em>ἁλιεῖς</em></strong></span> <span class='ocrx_word' id='word_1_146' title='bbox 351 1413 465 1468; x_wconf 84' lang='lat' dir='ltr'><strong><em>quod</em></strong></span> <span class='ocrx_word' id='word_1_147' title='bbox 495 1414 758 1466; x_wconf 74' lang='lat' dir='ltr'><strong><em>inscribitur,</em></strong></span> <span class='ocrx_word' id='word_1_148' title='bbox 791 1428 829 1457; x_wconf 88' lang='lat' dir='ltr'><strong><em>V.</em></strong></span> <span class='ocrx_word' id='word_1_149' title='bbox 860 1415 931 1458; x_wconf 84' lang='lat'><strong><em>44.</em></strong></span> <span class='ocrx_word' id='word_1_150' title='bbox 970 1418 1034 1457; x_wconf 83' lang='grc' dir='ltr'><strong><em>καὶ</em></strong></span> <span class='ocrx_word' id='word_1_151' title='bbox 1074 1419 1150 1471; x_wconf 73' lang='grc' dir='ltr'><strong><em>γάρ</em></strong></span> <span class='ocrx_word' id='word_1_152' title='bbox 1193 1417 1236 1457; x_wconf 70' lang='grc' dir='ltr'><em>ἕν</em></span> <span class='ocrx_word' id='word_1_153' title='bbox 1276 1416 1410 1467; x_wconf 72' lang='grc' dir='ltr'><em>ὕπνοις</em></span> <span class='ocrx_word' id='word_1_154' title='bbox 1449 1422 1560 1459; x_wconf 79' lang='grc' dir='ltr'><em>πᾶσα</em></span> <span class='ocrx_word' id='word_1_155' title='bbox 1599 1420 1704 1460; x_wconf 82' lang='grc' dir='ltr'><em>κύων</em></span> <span class='ocrx_word' id='word_1_156' title='bbox 1739 1417 1862 1473; x_wconf 79' lang='grc' dir='ltr'><em>ἄρτον</em></span> 
     </span>
     <span class='ocr_line' id='line_1_20' title="bbox 201 1482 1860 1541; baseline 0.003 -16"><span class='ocrx_word' id='word_1_157' title='bbox 201 1486 454 1538; x_wconf 81' lang='grc' dir='ltr'><em>μαντεύεται,</em></span> <span class='ocrx_word' id='word_1_158' title='bbox 481 1482 613 1538; x_wconf 63' lang='lat' dir='ltr'><strong><em>&#39;iffi-va</em></strong></span> <span class='ocrx_word' id='word_1_159' title='bbox 640 1486 783 1539; x_wconf 68' lang='grc' dir='ltr'><strong><em>κη’γών.</em></strong></span> <span class='ocrx_word' id='word_1_160' title='bbox 854 1483 1180 1538; x_wconf 87' lang='lat' dir='ltr'><strong><em>Subsequantur</em></strong></span> <span class='ocrx_word' id='word_1_161' title='bbox 1223 1487 1567 1540; x_wconf 84' lang='lat' dir='ltr'><strong><em>comparationes</em></strong></span> <span class='ocrx_word' id='word_1_162' title='bbox 1612 1487 1702 1539; x_wconf 89' lang='lat' dir='ltr'><strong><em>has,</em></strong></span> <span class='ocrx_word' id='word_1_163' title='bbox 1750 1499 1860 1541; x_wconf 89' lang='lat' dir='ltr'><strong><em>quae</em></strong></span> 
     </span>
     <span class='ocr_line' id='line_1_21' title="bbox 203 1553 1857 1610; baseline 0.002 -15"><span class='ocrx_word' id='word_1_164' title='bbox 203 1553 473 1596; x_wconf 82' lang='lat' dir='ltr'><strong><em>venationem</em></strong></span> <span class='ocrx_word' id='word_1_165' title='bbox 519 1557 729 1607; x_wconf 82' lang='lat' dir='ltr'><strong><em>spectant,</em></strong></span> <span class='ocrx_word' id='word_1_166' title='bbox 776 1566 865 1606; x_wconf 82' lang='lat' dir='ltr'><strong><em>eae,</em></strong></span> <span class='ocrx_word' id='word_1_167' title='bbox 915 1567 1025 1609; x_wconf 88' lang='lat' dir='ltr'><strong><em>quae</em></strong></span> <span class='ocrx_word' id='word_1_168' title='bbox 1072 1555 1124 1598; x_wconf 87' lang='lat' dir='ltr'><strong><em>de</em></strong></span> <span class='ocrx_word' id='word_1_169' title='bbox 1171 1554 1276 1598; x_wconf 88' lang='lat' dir='ltr'><strong><em>feris</em></strong></span> <span class='ocrx_word' id='word_1_170' title='bbox 1322 1560 1477 1609; x_wconf 82' lang='lat' dir='ltr'><strong><em>agunt,</em></strong></span> <span class='ocrx_word' id='word_1_171' title='bbox 1524 1555 1677 1610; x_wconf 89' lang='lat' dir='ltr'><strong><em>quibus</em></strong></span> <span class='ocrx_word' id='word_1_172' title='bbox 1723 1556 1857 1599; x_wconf 73' lang='lat' dir='ltr'><strong><em>&lt;eatuli</em></strong></span> 
     </span>
     <span class='ocr_line' id='line_1_22' title="bbox 203 1622 1854 1681; baseline 0.003 -17"><span class='ocrx_word' id='word_1_173' title='bbox 203 1622 342 1676; x_wconf 85' lang='lat' dir='ltr'><strong><em>erepti</em></strong></span> <span class='ocrx_word' id='word_1_174' title='bbox 389 1625 502 1667; x_wconf 91' lang='lat' dir='ltr'><strong><em>sunt.</em></strong></span> <span class='ocrx_word' id='word_1_175' title='bbox 573 1622 831 1666; x_wconf 84' lang='lat' dir='ltr'><strong><em>Communes</em></strong></span> <span class='ocrx_word' id='word_1_176' title='bbox 875 1636 971 1667; x_wconf 90' lang='lat' dir='ltr'><strong><em>esse</em></strong></span> <span class='ocrx_word' id='word_1_177' title='bbox 1017 1624 1256 1668; x_wconf 84' lang='lat' dir='ltr'><strong><em>credendae</em></strong></span> <span class='ocrx_word' id='word_1_178' title='bbox 1299 1629 1411 1679; x_wconf 89' lang='lat' dir='ltr'><strong><em>sunt,</em></strong></span> <span class='ocrx_word' id='word_1_179' title='bbox 1460 1637 1569 1679; x_wconf 85' lang='lat' dir='ltr'><strong><em>cum,</em></strong></span> <span class='ocrx_word' id='word_1_180' title='bbox 1617 1638 1727 1681; x_wconf 85' lang='lat' dir='ltr'><strong><em>quae</em></strong></span> <span class='ocrx_word' id='word_1_181' title='bbox 1772 1626 1854 1669; x_wconf 88' lang='lat' dir='ltr'><strong><em>huc</em></strong></span> 
     </span>
     <span class='ocr_line' id='line_1_23' title="bbox 203 1690 1861 1749; baseline 0.004 -15"><span class='ocrx_word' id='word_1_182' title='bbox 203 1702 307 1734; x_wconf 88' lang='lat' dir='ltr'><strong><em>sane</em></strong></span> <span class='ocrx_word' id='word_1_183' title='bbox 352 1690 582 1734; x_wconf 86' lang='lat' dir='ltr'><strong><em>referenda</em></strong></span> <span class='ocrx_word' id='word_1_184' title='bbox 626 1696 694 1735; x_wconf 90' lang='lat' dir='ltr'><strong><em>est</em></strong></span> <span class='ocrx_word' id='word_1_185' title='bbox 740 1692 817 1737; x_wconf 85' lang='lat' dir='ltr'><strong><em>Ov.</em></strong></span> <span class='ocrx_word' id='word_1_186' title='bbox 861 1697 962 1736; x_wconf 88' lang='lat' dir='ltr'><strong><em>met.</em></strong></span> <span class='ocrx_word' id='word_1_187' title='bbox 1010 1693 1130 1736; x_wconf 89' lang='lat' dir='ltr'><strong>XIII.</strong></span> <span class='ocrx_word' id='word_1_188' title='bbox 1162 1695 1260 1739; x_wconf 85' lang='lat'><strong>803.</strong></span> <span class='ocrx_word' id='word_1_189' title='bbox 1304 1696 1393 1749; x_wconf 77' lang='lat' dir='ltr'><strong><em>feta</em></strong></span> <span class='ocrx_word' id='word_1_190' title='bbox 1438 1695 1712 1739; x_wconf 78' lang='lat' dir='ltr'><strong><em>truculentior</em></strong></span> <span class='ocrx_word' id='word_1_191' title='bbox 1755 1709 1861 1743; x_wconf 80' lang='lat' dir='ltr'><strong><em>ursa</em></strong></span> 
     </span>
     <span class='ocr_line' id='line_1_24' title="bbox 203 1760 1860 1816; baseline 0.003 -13"><span class='ocrx_word' id='word_1_192' title='bbox 203 1760 335 1803; x_wconf 82' lang='lat' dir='ltr'><strong><em>etiam</em></strong></span> <span class='ocrx_word' id='word_1_193' title='bbox 381 1761 425 1803; x_wconf 90' lang='lat' dir='ltr'><strong><em>in</em></strong></span> <span class='ocrx_word' id='word_1_194' title='bbox 470 1763 618 1803; x_wconf 85' lang='lat' dir='ltr'><strong><em>vetere</em></strong></span> <span class='ocrx_word' id='word_1_195' title='bbox 663 1765 924 1805; x_wconf 83' lang='lat' dir='ltr'><strong><em>testamento</em></strong></span> <span class='ocrx_word' id='word_1_196' title='bbox 971 1762 1132 1816; x_wconf 84' lang='lat' dir='ltr'><strong><em>legitur</em></strong></span> <span class='ocrx_word' id='word_1_197' title='bbox 1179 1763 1385 1807; x_wconf 89' lang='lat' dir='ltr'><strong><em>Proverb.</em></strong></span> <span class='ocrx_word' id='word_1_198' title='bbox 1435 1766 1502 1810; x_wconf 83' lang='lat'><strong><em>17.</em></strong></span> <span class='ocrx_word' id='word_1_199' title='bbox 1550 1766 1589 1810; x_wconf 88' lang='lat'><strong><em>7.</em></strong></span> <span class='ocrx_word' id='word_1_200' title='bbox 1651 1764 1773 1816; x_wconf 84' lang='lat' dir='ltr'><strong><em>Quod</em></strong></span> <span class='ocrx_word' id='word_1_201' title='bbox 1816 1766 1860 1809; x_wconf 88' lang='lat' dir='ltr'><strong><em>in</em></strong></span> 
     </span>
     <span class='ocr_line' id='line_1_25' title="bbox 203 1829 1860 1890; baseline 0.004 -18"><span class='ocrx_word' id='word_1_202' title='bbox 203 1829 399 1884; x_wconf 82' lang='lat' dir='ltr'><strong><em>Priapeis</em></strong></span> <span class='ocrx_word' id='word_1_203' title='bbox 430 1834 496 1873; x_wconf 92' lang='lat' dir='ltr'><strong><em>est</em></strong></span> <span class='ocrx_word' id='word_1_204' title='bbox 528 1830 598 1875; x_wconf 89' lang='grc'><strong><em>46.</em></strong></span> <span class='ocrx_word' id='word_1_205' title='bbox 629 1831 670 1875; x_wconf 83' lang='grc'><strong><em>4.</em></strong></span> <span class='ocrx_word' id='word_1_206' title='bbox 701 1832 818 1874; x_wconf 80' lang='lat' dir='ltr'><strong><em>ursis</em></strong></span> <span class='ocrx_word' id='word_1_207' title='bbox 849 1833 1042 1886; x_wconf 75' lang='lat' dir='ltr'><strong><em>asperior</em></strong></span> <span class='ocrx_word' id='word_1_208' title='bbox 1083 1832 1164 1876; x_wconf 88' lang='lat' dir='ltr'><strong><em>huc</em></strong></span> <span class='ocrx_word' id='word_1_209' title='bbox 1205 1846 1290 1877; x_wconf 91' lang='lat' dir='ltr'><strong><em>non</em></strong></span> <span class='ocrx_word' id='word_1_210' title='bbox 1331 1835 1565 1889; x_wconf 86' lang='lat' dir='ltr'><strong><em>pertinere,</em></strong></span> <span class='ocrx_word' id='word_1_211' title='bbox 1607 1835 1860 1890; x_wconf 87' lang='lat' dir='ltr'><strong><em>insequente</em></strong></span> 
     </span>
     <span class='ocr_line' id='line_1_26' title="bbox 195 1899 1859 1959; baseline 0.003 -17"><span class='ocrx_word' id='word_1_212' title='bbox 195 1899 461 1955; x_wconf 77' lang='lat' dir='ltr'><strong><em>pilosiorque</em></strong></span> <span class='ocrx_word' id='word_1_213' title='bbox 501 1900 606 1943; x_wconf 88' lang='lat' dir='ltr'><strong><em>satis</em></strong></span> <span class='ocrx_word' id='word_1_214' title='bbox 645 1900 980 1946; x_wconf 89' lang='lat' dir='ltr'><strong><em>demonstratur.</em></strong></span> <span class='ocrx_word' id='word_1_215' title='bbox 995 1901 1048 1958; x_wconf 79' lang='lat'><strong><em>⁰¹)</em></strong></span> <span class='ocrx_word' id='word_1_216' title='bbox 1110 1903 1200 1945; x_wconf 92' lang='lat' dir='ltr'><strong><em>Imo</em></strong></span> <span class='ocrx_word' id='word_1_217' title='bbox 1233 1903 1348 1946; x_wconf 90' lang='lat' dir='ltr'><strong><em>idem</em></strong></span> <span class='ocrx_word' id='word_1_218' title='bbox 1379 1903 1485 1947; x_wconf 88' lang='lat' dir='ltr'><strong><em>dicit</em></strong></span> <span class='ocrx_word' id='word_1_219' title='bbox 1515 1904 1567 1947; x_wconf 89' lang='lat' dir='ltr'><strong><em>de</em></strong></span> <span class='ocrx_word' id='word_1_220' title='bbox 1599 1917 1713 1957; x_wconf 85' lang='lat' dir='ltr'><strong><em>urso,</em></strong></span> <span class='ocrx_word' id='word_1_221' title='bbox 1746 1905 1859 1959; x_wconf 88' lang='lat' dir='ltr'><strong><em>quod</em></strong></span> 
     </span>
     <span class='ocr_line' id='line_1_27' title="bbox 203 1967 1860 2027; baseline 0.004 -16"><span class='ocrx_word' id='word_1_222' title='bbox 203 1967 256 2012; x_wconf 89' lang='lat' dir='ltr'><strong><em>de</em></strong></span> <span class='ocrx_word' id='word_1_223' title='bbox 286 1968 436 2012; x_wconf 87' lang='lat' dir='ltr'><strong><em>echino</em></strong></span> <span class='ocrx_word' id='word_1_224' title='bbox 467 1973 513 2012; x_wconf 91' lang='lat' dir='ltr'><strong><em>et</em></strong></span> <span class='ocrx_word' id='word_1_225' title='bbox 543 1982 650 2024; x_wconf 88' lang='lat' dir='ltr'><strong><em>apro</em></strong></span> <span class='ocrx_word' id='word_1_226' title='bbox 682 1970 891 2014; x_wconf 80' lang='lat' dir='ltr'><strong><em>Horatius</em></strong></span> <span class='ocrx_word' id='word_1_227' title='bbox 921 1972 1046 2025; x_wconf 82' lang='lat' dir='ltr'><strong><em>epod.</em></strong></span> <span class='ocrx_word' id='word_1_228' title='bbox 1079 1972 1118 2016; x_wconf 84' lang='lat'><strong><em>5.</em></strong></span> <span class='ocrx_word' id='word_1_229' title='bbox 1141 1972 1210 2016; x_wconf 77' lang='lat'><strong><em>28.</em></strong></span> <span class='ocrx_word' id='word_1_230' title='bbox 1244 1972 1386 2016; x_wconf 75' lang='lat' dir='ltr'><strong><em>horret</em></strong></span> <span class='ocrx_word' id='word_1_231' title='bbox 1407 1973 1577 2027; x_wconf 82' lang='lat' dir='ltr'><strong><em>capillis</em></strong></span> <span class='ocrx_word' id='word_1_232' title='bbox 1597 1977 1644 2016; x_wconf 88' lang='lat' dir='ltr'><strong><em>ut</em></strong></span> <span class='ocrx_word' id='word_1_233' title='bbox 1664 1975 1860 2017; x_wconf 75' lang='lat' dir='ltr'><strong><em>mar-inus</em></strong></span> 
     </span>
     <span class='ocr_line' id='line_1_28' title="bbox 203 2038 1860 2097; baseline 0.002 -15"><span class='ocrx_word' id='word_1_234' title='bbox 203 2039 368 2092; x_wconf 77' lang='lat' dir='ltr'><strong><em>asperis</em></strong></span> <span class='ocrx_word' id='word_1_235' title='bbox 398 2038 568 2082; x_wconf 76' lang='lat' dir='ltr'><strong><em>echinus</em></strong></span> <span class='ocrx_word' id='word_1_236' title='bbox 598 2042 674 2082; x_wconf 81' lang='lat' dir='ltr'><strong><em>aut</em></strong></span> <span class='ocrx_word' id='word_1_237' title='bbox 702 2053 876 2082; x_wconf 77' lang='lat' dir='ltr'><strong><em>currens</em></strong></span> <span class='ocrx_word' id='word_1_238' title='bbox 907 2054 1023 2095; x_wconf 81' lang='lat' dir='ltr'><strong><em>ape-r.</em></strong></span> <span class='ocrx_word' id='word_1_239' title='bbox 1076 2040 1355 2095; x_wconf 86' lang='lat' dir='ltr'><strong><em>Comparatio</em></strong></span> <span class='ocrx_word' id='word_1_240' title='bbox 1388 2042 1618 2086; x_wconf 83' lang='lat' dir='ltr'><strong><em>Homerica</em></strong></span> <span class='ocrx_word' id='word_1_241' title='bbox 1649 2042 1730 2086; x_wconf 89' lang='lat' dir='ltr'><strong><em>hue</em></strong></span> <span class='ocrx_word' id='word_1_242' title='bbox 1761 2055 1860 2097; x_wconf 88' lang='lat' dir='ltr'><strong><em>per-</em></strong></span> 
     </span>
     <span class='ocr_line' id='line_1_29' title="bbox 201 2113 1859 2178; baseline 0.002 -22"><span class='ocrx_word' id='word_1_243' title='bbox 201 2113 343 2157; x_wconf 77' lang='lat' dir='ltr'><strong><em>tinens</em></strong></span> <span class='ocrx_word' id='word_1_244' title='bbox 374 2113 535 2167; x_wconf 79' lang='lat' dir='ltr'><strong><em>legitur</em></strong></span> <span class='ocrx_word' id='word_1_245' title='bbox 574 2118 612 2156; x_wconf 65' lang='lat' dir='ltr'><strong><em>Ji</em></strong></span> <span class='ocrx_word' id='word_1_246' title='bbox 635 2121 723 2158; x_wconf 88' lang='grc'>318.</span> <span class='ocrx_word' id='word_1_247' title='bbox 766 2119 891 2158; x_wconf 74' lang='grc' dir='ltr'><em>πυκνά</em></span> <span class='ocrx_word' id='word_1_248' title='bbox 919 2119 1030 2170; x_wconf 80' lang='grc' dir='ltr'><strong><em>μάλα</em></strong></span> <span class='ocrx_word' id='word_1_249' title='bbox 1059 2120 1270 2172; x_wconf 77' lang='grc' dir='ltr'><em>στενάχων</em></span> <span class='ocrx_word' id='word_1_250' title='bbox 1309 2118 1411 2159; x_wconf 72' lang='grc' dir='ltr'><em>ιῖἶστε</em></span> <span class='ocrx_word' id='word_1_251' title='bbox 1439 2121 1497 2169; x_wconf 76' lang='grc' dir='ltr'><strong><em>λῖς</em></strong></span> <span class='ocrx_word' id='word_1_252' title='bbox 1524 2118 1718 2174; x_wconf 71' lang='grc' dir='ltr'><em>ἠϋγένειος</em></span> <span class='ocrx_word' id='word_1_253' title='bbox 1747 2113 1779 2178; x_wconf 72' lang='grc' dir='ltr'><em>ᾧ</em></span> <span class='ocrx_word' id='word_1_254' title='bbox 1809 2120 1859 2175; x_wconf 77' lang='grc' dir='ltr'><strong><em>ῥά</em></strong></span> 
     </span>
     <span class='ocr_line' id='line_1_30' title="bbox 204 2178 1859 2241; baseline 0.004 -23"><span class='ocrx_word' id='word_1_255' title='bbox 204 2181 248 2218; x_wconf 76' lang='grc' dir='ltr'><strong><em>θ’</em></strong></span> <span class='ocrx_word' id='word_1_256' title='bbox 284 2178 360 2221; x_wconf 70' lang='grc' dir='ltr'><strong><em>ὖπιῖ</em></strong></span> <span class='ocrx_word' id='word_1_257' title='bbox 401 2181 598 2231; x_wconf 78' lang='grc' dir='ltr'><em>σκύμνους</em></span> <span class='ocrx_word' id='word_1_258' title='bbox 637 2179 884 2234; x_wconf 69' lang='grc' dir='ltr'><em>ἐλαφηβόλος</em></span> <span class='ocrx_word' id='word_1_259' title='bbox 926 2182 1090 2238; x_wconf 74' lang='grc' dir='ltr'><em>ἁρπάσῃ</em></span> <span class='ocrx_word' id='word_1_260' title='bbox 1134 2183 1237 2236; x_wconf 77' lang='grc' dir='ltr'><strong><em>ιῖνὴρ</em></strong></span> <span class='ocrx_word' id='word_1_261' title='bbox 1280 2181 1377 2236; x_wconf 69' lang='grc' dir='ltr'><em>’ἴλης</em></span> <span class='ocrx_word' id='word_1_262' title='bbox 1416 2182 1458 2223; x_wconf 74' lang='grc' dir='ltr'><strong><em>ἰκ</em></strong></span> <span class='ocrx_word' id='word_1_263' title='bbox 1496 2184 1726 2241; x_wconf 76' lang='grc' dir='ltr'><em>πυκινῇς·ὁ</em></span> <span class='ocrx_word' id='word_1_264' title='bbox 1755 2182 1800 2224; x_wconf 77' lang='grc' dir='ltr'><strong><em>δέ</em></strong></span> <span class='ocrx_word' id='word_1_265' title='bbox 1827 2189 1859 2223; x_wconf 74' lang='grc' dir='ltr'><strong><em>τ’</em></strong></span> 
     </span>
     <span class='ocr_line' id='line_1_31' title="bbox 203 2245 1861 2307; baseline 0.004 -20"><span class='ocrx_word' id='word_1_266' title='bbox 203 2245 374 2300; x_wconf 77' lang='grc' dir='ltr'><em>ἄχνυται</em></span> <span class='ocrx_word' id='word_1_267' title='bbox 413 2246 577 2302; x_wconf 79' lang='grc' dir='ltr'><em>ὕστερος</em></span> <span class='ocrx_word' id='word_1_268' title='bbox 617 2248 762 2297; x_wconf 72' lang='grc' dir='ltr'><em>ἐλθών,</em></span> <span class='ocrx_word' id='word_1_269' title='bbox 806 2252 929 2290; x_wconf 77' lang='grc' dir='ltr'><em>πολλά</em></span> <span class='ocrx_word' id='word_1_270' title='bbox 973 2249 1016 2291; x_wconf 72' lang='grc' dir='ltr'><strong><em>δέ</em></strong></span> <span class='ocrx_word' id='word_1_271' title='bbox 1056 2256 1087 2290; x_wconf 71' lang='grc' dir='ltr'><strong><em>τ7</em></strong></span> <span class='ocrx_word' id='word_1_272' title='bbox 1130 2249 1226 2305; x_wconf 53' lang='lat' dir='ltr'><strong><em>aym?</em></strong></span> <span class='ocrx_word' id='word_1_273' title='bbox 1267 2251 1425 2306; x_wconf 70' lang='grc' dir='ltr'><em>ἐπῆλθε</em></span> <span class='ocrx_word' id='word_1_274' title='bbox 1474 2257 1564 2304; x_wconf 65' lang='grc' dir='ltr'><strong><em>μετ’</em></strong></span> <span class='ocrx_word' id='word_1_275' title='bbox 1604 2251 1742 2307; x_wconf 73' lang='grc' dir='ltr'><em>οἶνέρος</em></span> <span class='ocrx_word' id='word_1_276' title='bbox 1779 2250 1861 2306; x_wconf 83' lang='grc' dir='ltr'><strong><em>ἴχνί</em></strong></span> 
     </span>
     <span class='ocr_line' id='line_1_32' title="bbox 202 2315 1859 2375; baseline 0.005 -19"><span class='ocrx_word' id='word_1_277' title='bbox 202 2316 384 2371; x_wconf 73' lang='grc' dir='ltr'><em>ἐρευνῶν,</em></span> <span class='ocrx_word' id='word_1_278' title='bbox 413 2315 450 2358; x_wconf 69' lang='grc' dir='ltr'><strong><em>εἴ</em></strong></span> <span class='ocrx_word' id='word_1_279' title='bbox 477 2322 607 2359; x_wconf 73' lang='grc' dir='ltr'><em>ποθεν</em></span> <span class='ocrx_word' id='word_1_280' title='bbox 634 2319 785 2372; x_wconf 70' lang='grc' dir='ltr'><em>ἐξεύροι</em></span> <span class='ocrx_word' id='word_1_281' title='bbox 805 2337 813 2344; x_wconf 89' lang='grc'><em>·</em></span> <span class='ocrx_word' id='word_1_282' title='bbox 833 2322 946 2372; x_wconf 79' lang='grc' dir='ltr'><em>μάλα</em></span> <span class='ocrx_word' id='word_1_283' title='bbox 974 2322 1051 2374; x_wconf 71' lang='grc' dir='ltr'><strong><em>γάρ</em></strong></span> <span class='ocrx_word' id='word_1_284' title='bbox 1089 2321 1230 2375; x_wconf 78' lang='grc' dir='ltr'><em>δριμὺς</em></span> <span class='ocrx_word' id='word_1_285' title='bbox 1265 2324 1383 2374; x_wconf 77' lang='grc' dir='ltr'><em>χόλος</em></span> <span class='ocrx_word' id='word_1_286' title='bbox 1420 2321 1535 2375; x_wconf 75' lang='grc' dir='ltr'><em>αἱρεῖ.</em></span> <span class='ocrx_word' id='word_1_287' title='bbox 1633 2321 1859 2373; x_wconf 79' lang='lat' dir='ltr'><strong><em>Leaenam,</em></strong></span> 
     </span>
     <span class='ocr_line' id='line_1_33' title="bbox 203 2384 1859 2441; baseline 0.004 -14"><span class='ocrx_word' id='word_1_288' title='bbox 203 2396 330 2438; x_wconf 85' lang='lat' dir='ltr'><strong><em>quam</em></strong></span> <span class='ocrx_word' id='word_1_289' title='bbox 362 2384 492 2429; x_wconf 89' lang='lat' dir='ltr'><strong><em>habet</em></strong></span> <span class='ocrx_word' id='word_1_290' title='bbox 522 2386 701 2430; x_wconf 89' lang='lat' dir='ltr'><strong><em>Ovidius</em></strong></span> <span class='ocrx_word' id='word_1_291' title='bbox 733 2400 770 2431; x_wconf 83' lang='lat' dir='ltr'><strong><em>a.</em></strong></span> <span class='ocrx_word' id='word_1_292' title='bbox 805 2400 886 2430; x_wconf 85' lang='lat' dir='ltr'><strong><em>am.</em></strong></span> <span class='ocrx_word' id='word_1_293' title='bbox 919 2387 974 2432; x_wconf 90' lang='lat' dir='ltr'><strong><em>II.</em></strong></span> <span class='ocrx_word' id='word_1_294' title='bbox 1007 2387 1105 2441; x_wconf 80' lang='lat'>375,</span> <span class='ocrx_word' id='word_1_295' title='bbox 1147 2402 1220 2431; x_wconf 75' lang='lat' dir='ltr'><strong><em>uec</em></strong></span> <span class='ocrx_word' id='word_1_296' title='bbox 1261 2389 1326 2432; x_wconf 81' lang='lat' dir='ltr'><strong><em>lea</em></strong></span> <span class='ocrx_word' id='word_1_297' title='bbox 1357 2402 1450 2431; x_wconf 83' lang='lat' dir='ltr'><strong><em>cum</em></strong></span> <span class='ocrx_word' id='word_1_298' title='bbox 1481 2390 1634 2432; x_wconf 71' lang='lat' dir='ltr'><strong><em>catulis</em></strong></span> <span class='ocrx_word' id='word_1_299' title='bbox 1665 2390 1859 2433; x_wconf 72' lang='lat' dir='ltr'><strong><em>lactanti-</em></strong></span> 
     </span>
     <span class='ocr_line' id='line_1_34' title="bbox 203 2452 1859 2514; baseline 0.004 -18"><span class='ocrx_word' id='word_1_300' title='bbox 203 2452 282 2496; x_wconf 81' lang='lat' dir='ltr'><strong><em>bus</em></strong></span> <span class='ocrx_word' id='word_1_301' title='bbox 318 2453 448 2497; x_wconf 79' lang='lat' dir='ltr'><strong><em>ubera</em></strong></span> <span class='ocrx_word' id='word_1_302' title='bbox 479 2456 657 2509; x_wconf 83' lang='lat' dir='ltr'><strong><em>pracbct</em></strong></span> <span class='ocrx_word' id='word_1_303' title='bbox 697 2456 806 2511; x_wconf 81' lang='lat' dir='ltr'><strong><em>(tam</em></strong></span> <span class='ocrx_word' id='word_1_304' title='bbox 843 2470 970 2499; x_wconf 75' lang='lat' dir='ltr'><strong><em>sacca</em></strong></span> <span class='ocrx_word' id='word_1_305' title='bbox 1000 2458 1046 2500; x_wconf 78' lang='lat' dir='ltr'><strong><em>in</em></strong></span> <span class='ocrx_word' id='word_1_306' title='bbox 1076 2458 1145 2500; x_wconf 75' lang='lat' dir='ltr'><strong><em>ira</em></strong></span> <span class='ocrx_word' id='word_1_307' title='bbox 1176 2457 1255 2514; x_wconf 80' lang='lat' dir='ltr'><strong><em>est)</em></strong></span> <span class='ocrx_word' id='word_1_308' title='bbox 1297 2458 1554 2502; x_wconf 87' lang='lat' dir='ltr'><strong><em>clamantem</em></strong></span> <span class='ocrx_word' id='word_1_309' title='bbox 1586 2458 1692 2502; x_wconf 83' lang='lat' dir='ltr'><strong><em>facit</em></strong></span> <span class='ocrx_word' id='word_1_310' title='bbox 1723 2460 1859 2502; x_wconf 85' lang='lat' dir='ltr'><strong><em>Theo-</em></strong></span> 
     </span>
     <span class='ocr_line' id='line_1_35' title="bbox 204 2523 1860 2583; baseline 0.004 -18"><span class='ocrx_word' id='word_1_311' title='bbox 204 2523 338 2566; x_wconf 77' lang='lat' dir='ltr'><strong><em>critus</em></strong></span> <span class='ocrx_word' id='word_1_312' title='bbox 369 2524 436 2567; x_wconf 79' lang='grc'><strong><em>26.</em></strong></span> <span class='ocrx_word' id='word_1_313' title='bbox 468 2525 538 2570; x_wconf 78' lang='grc'><strong><em>21.</em></strong></span> <span class='ocrx_word' id='word_1_314' title='bbox 593 2526 713 2568; x_wconf 76' lang='grc' dir='ltr'><em>ὅσσόν</em></span> <span class='ocrx_word' id='word_1_315' title='bbox 741 2543 815 2581; x_wconf 78' lang='grc' dir='ltr'><strong><em>περ</em></strong></span> <span class='ocrx_word' id='word_1_316' title='bbox 854 2528 1016 2577; x_wconf 81' lang='grc' dir='ltr'><em>τοκάδος</em></span> <span class='ocrx_word' id='word_1_317' title='bbox 1050 2527 1205 2569; x_wconf 72' lang='grc' dir='ltr'><em>τελέθει</em></span> <span class='ocrx_word' id='word_1_318' title='bbox 1244 2531 1411 2583; x_wconf 80' lang='grc' dir='ltr'><em>μύκημα</em></span> <span class='ocrx_word' id='word_1_319' title='bbox 1453 2528 1608 2580; x_wconf 47' lang='lat' dir='ltr'><strong><em>Mamm</em></strong></span> <span class='ocrx_word' id='word_1_320' title='bbox 1660 2533 1860 2583; x_wconf 76' lang='lat' dir='ltr'><strong><em>raptores</em></strong></span> 
     </span>
     <span class='ocr_line' id='line_1_36' title="bbox 203 2592 1858 2652; baseline 0.004 -18"><span class='ocrx_word' id='word_1_321' title='bbox 203 2592 336 2635; x_wconf 84' lang='lat' dir='ltr'><strong><em>catuli</em></strong></span> <span class='ocrx_word' id='word_1_322' title='bbox 366 2593 648 2637; x_wconf 89' lang='lat' dir='ltr'><strong><em>insectantem</em></strong></span> <span class='ocrx_word' id='word_1_323' title='bbox 681 2595 859 2638; x_wconf 84' lang='lat' dir='ltr'><strong><em>Ovidius</em></strong></span> <span class='ocrx_word' id='word_1_324' title='bbox 890 2601 978 2638; x_wconf 89' lang='lat' dir='ltr'><strong><em>met</em></strong></span> <span class='ocrx_word' id='word_1_325' title='bbox 1009 2596 1124 2639; x_wconf 87' lang='lat' dir='ltr'><strong>XIII.</strong></span> <span class='ocrx_word' id='word_1_326' title='bbox 1158 2596 1255 2641; x_wconf 84' lang='lat'><strong>547.</strong></span> <span class='ocrx_word' id='word_1_327' title='bbox 1296 2600 1422 2652; x_wconf 80' lang='lat' dir='ltr'><strong><em>utque</em></strong></span> <span class='ocrx_word' id='word_1_328' title='bbox 1448 2597 1566 2652; x_wconf 72' lang='lat' dir='ltr'><strong><em>furit</em></strong></span> <span class='ocrx_word' id='word_1_329' title='bbox 1606 2598 1743 2642; x_wconf 77' lang='lat' dir='ltr'><strong><em>catulo</em></strong></span> <span class='ocrx_word' id='word_1_330' title='bbox 1773 2599 1858 2640; x_wconf 76' lang='lat' dir='ltr'><strong><em>lac-</em></strong></span> 
     </span>
     <span class='ocr_line' id='line_1_37' title="bbox 203 2662 1858 2722; baseline 0.004 -19"><span class='ocrx_word' id='word_1_331' title='bbox 203 2664 308 2704; x_wconf 72' lang='lat' dir='ltr'><strong><em>tente</em></strong></span> <span class='ocrx_word' id='word_1_332' title='bbox 337 2662 484 2705; x_wconf 76' lang='lat' dir='ltr'><strong><em>orbata</em></strong></span> <span class='ocrx_word' id='word_1_333' title='bbox 515 2663 657 2706; x_wconf 76' lang='lat' dir='ltr'><strong><em>leaena</em></strong></span> <span class='ocrx_word' id='word_1_334' title='bbox 688 2664 888 2719; x_wconf 47' lang='lat' dir='ltr'><strong><em>s&#39;iffleaquc</em></strong></span> <span class='ocrx_word' id='word_1_335' title='bbox 919 2669 1039 2708; x_wconf 68' lang='lat' dir='ltr'><strong><em>nacta</em></strong></span> <span class='ocrx_word' id='word_1_336' title='bbox 1064 2666 1221 2719; x_wconf 79' lang='lat' dir='ltr'><strong><em>pedum</em></strong></span> <span class='ocrx_word' id='word_1_337' title='bbox 1253 2667 1442 2721; x_wconf 72' lang='lat' dir='ltr'><strong><em>sequitur</em></strong></span> <span class='ocrx_word' id='word_1_338' title='bbox 1473 2682 1590 2722; x_wconf 76' lang='lat' dir='ltr'><strong><em>queue</em></strong></span> <span class='ocrx_word' id='word_1_339' title='bbox 1624 2681 1705 2709; x_wconf 74' lang='lat' dir='ltr'><strong><em>nou</em></strong></span> <span class='ocrx_word' id='word_1_340' title='bbox 1738 2668 1858 2721; x_wconf 71' lang='lat' dir='ltr'><strong><em>videt,</em></strong></span> 
     </span>
     <span class='ocr_line' id='line_1_38' title="bbox 204 2729 372 2774; baseline 0.006 -2"><span class='ocrx_word' id='word_1_341' title='bbox 204 2729 372 2774; x_wconf 79' lang='lat' dir='ltr'><strong><em>hostem.</em></strong></span> 
     </span>
    </p>

    <p class='ocr_par' dir='ltr' id='par_1_8' title="bbox 341 2801 1858 2858">
     <span class='ocr_line' id='line_1_39' title="bbox 341 2801 1858 2858; baseline 0.003 -14"><span class='ocrx_word' id='word_1_342' title='bbox 341 2801 588 2845; x_wconf 88' lang='lat' dir='ltr'><strong><em>Proximum</em></strong></span> <span class='ocrx_word' id='word_1_343' title='bbox 620 2804 717 2854; x_wconf 85' lang='lat' dir='ltr'><strong><em>erit,</em></strong></span> <span class='ocrx_word' id='word_1_344' title='bbox 750 2808 797 2846; x_wconf 87' lang='lat' dir='ltr'><strong><em>ut</em></strong></span> <span class='ocrx_word' id='word_1_345' title='bbox 829 2804 1000 2858; x_wconf 84' lang='lat' dir='ltr'><strong><em>longam</em></strong></span> <span class='ocrx_word' id='word_1_346' title='bbox 1032 2805 1149 2848; x_wconf 87' lang='lat' dir='ltr'><strong><em>illam</em></strong></span> <span class='ocrx_word' id='word_1_347' title='bbox 1181 2806 1338 2849; x_wconf 89' lang='lat' dir='ltr'><strong><em>seriem</em></strong></span> <span class='ocrx_word' id='word_1_348' title='bbox 1355 2810 1590 2850; x_wconf 84' lang='lat' dir='ltr'><strong><em>tractemus</em></strong></span> <span class='ocrx_word' id='word_1_349' title='bbox 1622 2806 1858 2850; x_wconf 87' lang='lat' dir='ltr'><strong><em>bestiarum</em></strong></span> 
     </span>
    </p>

    <p class='ocr_par' dir='ltr' id='par_1_9' title="bbox 205 2870 1857 2930">
     <span class='ocr_line' id='line_1_40' title="bbox 205 2870 1857 2930; baseline 0.004 -18"><span class='ocrx_word' id='word_1_350' title='bbox 205 2870 319 2914; x_wconf 89' lang='lat' dir='ltr'><strong><em>inter</em></strong></span> <span class='ocrx_word' id='word_1_351' title='bbox 361 2883 406 2914; x_wconf 89' lang='lat' dir='ltr'><strong><em>se</em></strong></span> <span class='ocrx_word' id='word_1_352' title='bbox 451 2870 700 2918; x_wconf 86' lang='lat' dir='ltr'><strong><em>furentium.</em></strong></span> <span class='ocrx_word' id='word_1_353' title='bbox 762 2874 948 2917; x_wconf 88' lang='lat' dir='ltr'><strong><em>Leonem</em></strong></span> <span class='ocrx_word' id='word_1_354' title='bbox 991 2874 1178 2918; x_wconf 85' lang='lat' dir='ltr'><strong><em>clamore</em></strong></span> <span class='ocrx_word' id='word_1_355' title='bbox 1224 2875 1415 2918; x_wconf 89' lang='lat' dir='ltr'><strong><em>hinnulei</em></strong></span> <span class='ocrx_word' id='word_1_356' title='bbox 1461 2876 1609 2919; x_wconf 87' lang='lat' dir='ltr'><strong><em>audito</em></strong></span> <span class='ocrx_word' id='word_1_357' title='bbox 1653 2876 1857 2930; x_wconf 81' lang='lat' dir='ltr'><strong><em>praedam</em></strong></span> 
     </span>
    </p>
   </div>
   <div class='ocr_carea' id='block_1_4' title="bbox 272 2953 371 2956">
    <p class='ocr_par' dir='ltr' id='par_1_10' title="bbox 272 2953 371 2956">
     <span class='ocr_line' id='line_1_41' title="bbox 272 2953 371 2956; baseline 0 0"><span class='ocrx_word' id='word_1_358' title='bbox 272 2953 371 2956; x_wconf 95' lang='lat' dir='ltr'><strong><em> </em></strong></span> 
     </span>
    </p>
   </div>
   <div class='ocr_carea' id='block_1_5' title="bbox 204 2985 1858 3208">
    <p class='ocr_par' dir='ltr' id='par_1_11' title="bbox 204 2985 1858 3208">
     <span class='ocr_line' id='line_1_42' title="bbox 341 2985 1858 3036; baseline 0.003 -16"><span class='ocrx_word' id='word_1_359' title='bbox 341 2985 385 3030; x_wconf 81' lang='lat'><strong><em>⁰¹)</em></strong></span> <span class='ocrx_word' id='word_1_360' title='bbox 409 2985 635 3032; x_wconf 84' lang='lat' dir='ltr'><strong><em>singularem</em></strong></span> <span class='ocrx_word' id='word_1_361' title='bbox 660 2988 697 3022; x_wconf 89' lang='lat' dir='ltr'><strong><em>in</em></strong></span> <span class='ocrx_word' id='word_1_362' title='bbox 734 2988 887 3024; x_wconf 77' lang='lat' dir='ltr'><strong><em>modum</em></strong></span> <span class='ocrx_word' id='word_1_363' title='bbox 914 2989 1192 3025; x_wconf 87' lang='lat' dir='ltr'><strong><em>multitudinem</em></strong></span> <span class='ocrx_word' id='word_1_364' title='bbox 1230 2990 1389 3025; x_wconf 80' lang='lat' dir='ltr'><strong><em>erinium</em></strong></span> <span class='ocrx_word' id='word_1_365' title='bbox 1434 2991 1471 3025; x_wconf 87' lang='lat' dir='ltr'><strong><em>in</em></strong></span> <span class='ocrx_word' id='word_1_366' title='bbox 1508 2990 1706 3036; x_wconf 79' lang='lat' dir='ltr'><strong><em>imaginem</em></strong></span> <span class='ocrx_word' id='word_1_367' title='bbox 1746 2991 1858 3026; x_wconf 85' lang='lat' dir='ltr'><strong><em>vertit</em></strong></span> 
     </span>
     <span class='ocr_line' id='line_1_43' title="bbox 204 3042 915 3092; baseline 0.007 -16"><span class='ocrx_word' id='word_1_368' title='bbox 204 3043 315 3087; x_wconf 82' lang='lat' dir='ltr'><strong><em>poeta</em></strong></span> <span class='ocrx_word' id='word_1_369' title='bbox 339 3042 493 3078; x_wconf 81' lang='lat' dir='ltr'><strong><em>danicus</em></strong></span> <span class='ocrx_word' id='word_1_370' title='bbox 518 3043 741 3091; x_wconf 84' lang='lat' dir='ltr'><strong><em>(Grundtvig</em></strong></span> <span class='ocrx_word' id='word_1_371' title='bbox 764 3046 796 3081; x_wconf 90' lang='lat'><strong><em>3.</em></strong></span> <span class='ocrx_word' id='word_1_372' title='bbox 823 3046 915 3092; x_wconf 81' lang='lat'><strong>162).</strong></span> 
     </span>
     <span class='ocr_line' id='line_1_44' title="bbox 478 3101 1525 3151; baseline 0.005 -15"><span class='ocrx_word' id='word_1_373' title='bbox 478 3101 494 3135; x_wconf 95' lang='lat' dir='ltr'><strong>I</strong></span> <span class='ocrx_word' id='word_1_374' title='bbox 520 3102 618 3146; x_wconf 84' lang='lat' dir='ltr'><strong><em>siger</em></strong></span> <span class='ocrx_word' id='word_1_375' title='bbox 642 3102 782 3138; x_wconf 80' lang='lat' dir='ltr'><strong><em>danske</em></strong></span> <span class='ocrx_word' id='word_1_376' title='bbox 808 3103 1040 3150; x_wconf 87' lang='lat' dir='ltr'><strong><em>dronningen</em></strong></span> <span class='ocrx_word' id='word_1_377' title='bbox 1064 3116 1129 3140; x_wconf 86' lang='lat' dir='ltr'><strong><em>saa</em></strong></span> <span class='ocrx_word' id='word_1_378' title='bbox 1153 3116 1311 3151; x_wconf 85' lang='lat' dir='ltr'><strong><em>mangen</em></strong></span> <span class='ocrx_word' id='word_1_379' title='bbox 1336 3106 1426 3140; x_wconf 88' lang='lat' dir='ltr'><strong><em>ondt</em></strong></span> <span class='ocrx_word' id='word_1_380' title='bbox 1451 3116 1525 3149; x_wconf 76' lang='lat' dir='ltr'><strong><em>aar,</em></strong></span> 
     </span>
     <span class='ocr_line' id='line_1_45' title="bbox 481 3159 1383 3208; baseline 0.006 -14"><span class='ocrx_word' id='word_1_381' title='bbox 481 3170 561 3194; x_wconf 85' lang='lat' dir='ltr'><strong><em>som</em></strong></span> <span class='ocrx_word' id='word_1_382' title='bbox 586 3159 711 3196; x_wconf 88' lang='lat' dir='ltr'><strong><em>linden</em></strong></span> <span class='ocrx_word' id='word_1_383' title='bbox 736 3160 825 3196; x_wconf 85' lang='lat' dir='ltr'><strong><em>baer</em></strong></span> <span class='ocrx_word' id='word_1_384' title='bbox 849 3161 911 3198; x_wconf 72' lang='lat' dir='ltr'><strong><em>lov</em></strong></span> <span class='ocrx_word' id='word_1_385' title='bbox 936 3173 982 3208; x_wconf 84' lang='lat' dir='ltr'><strong><em>og</em></strong></span> <span class='ocrx_word' id='word_1_386' title='bbox 1005 3162 1143 3198; x_wconf 85' lang='lat' dir='ltr'><strong><em>hinden</em></strong></span> <span class='ocrx_word' id='word_1_387' title='bbox 1169 3163 1257 3198; x_wconf 78' lang='lat' dir='ltr'><strong><em>baer</em></strong></span> <span class='ocrx_word' id='word_1_388' title='bbox 1281 3163 1383 3199; x_wconf 83' lang='lat' dir='ltr'><strong><em>haar.</em></strong></span> 
     </span>
    </p>
   </div>
  </div>
 </body>
</html>
