2086 3470
914 185 1199 228 -27-

232 323 468 367 similitudo
513 322 709 366 habenda
753 323 821 375 sit,
869 326 1054 376 quatuor
1102 336 1225 365 voces
1273 322 1874 377 „conlcrescere-gelidus-nix-

232 393 413 437 ventus“
459 392 574 446 apud
630 395 860 446 utrumque
915 396 1100 435 exstare.
1177 392 1364 434 Maxime
1410 395 1555 434 autem
1604 391 1882 434 Washietlius

231 466 361 516 urget
398 462 543 518 ferunt
582 461 687 504 illud
729 461 783 503 ab
825 460 978 504 Ovidio
1020 461 1219 514 positum.
1296 460 1517 516 Siynfieat
1545 462 1682 517 genim,
1729 461 1881 515 inquit,

230 531 352 576 Naso
381 531 457 574 hoc
484 531 619 583 verbo,
650 531 690 573 si
729 530 832 584 quid
861 530 990 581 video,
1022 544 1106 572 non
1145 530 1261 585 vecvlyi
1296 531 1532 584 opinionem
1569 529 1643 573 sed
1670 529 1884 573 hominum

232 601 448 644 doctorum
475 601 712 643 sententias.
774 600 823 642 In
854 612 937 654 quo
981 599 1107 653 plane
1153 612 1248 642 cum
1293 612 1343 642 eo
1384 599 1488 642 mihi
1534 598 1882 642 consentiendum

233 674 312 724 est,
345 683 441 713 cum
482 669 636 723 vulgus
667 670 719 712 de
760 669 853 712 eius
898 669 1010 712 modi
1050 669 1177 712 rebus
1224 669 1384 723 aliquid
1425 669 1587 711 sentire
1630 669 1699 711 vix
1730 668 1881 712 soleat.

232 739 356 791 Quod
385 752 486 782 vero
518 739 664 793 pergit
684 763 740 769 —-
762 753 881 792 quem
912 742 957 780 ta
987 742 1124 781 autem
1154 740 1292 794 'nea-qis
1320 742 1448 792 putas
1478 739 1530 781 ab
1566 737 1714 781 ovidio
1750 740 1883 793 siqni-

231 811 404 865 ftcatum
433 823 532 861 esse,
565 822 691 863 quam
721 822 826 861 eum,
869 809 937 851 oeci
972 809 1213 862 plurimum
1257 809 1379 851 illum
1417 808 1605 851 studium
1647 809 1735 851 «iam
1778 810 1885 851 satis

233 879 484 934 inmortali-sse
522 879 751 930 docuimus,
782 879 1063 921 Lucretium?
1100 879 1304 932 neglexit,
1350 891 1523 921 causam
1568 878 1728 920 nullam
1774 891 1883 930 esse,

233 960 311 992 cur
331 948 507 992 Ovidius
539 948 779 991 sententiae
811 947 1006 990 omnibus
1039 948 1128 990 eius
1161 948 1316 990 aetatis
1347 948 1451 990 viris
1480 944 1617 991 doctis
1649 949 1883 990 communis

234 1017 446 1072 significet
476 1021 686 1061 auctorem
717 1017 978 1059 Lucretium.
1033 1016 1221 1070 Accedit,
1255 1017 1368 1071 quod
1399 1017 1638 1069 Lucretius,
1673 1018 1882 1071 quomodo

233 1088 371 1132 imber
399 1087 472 1130 nix
502 1085 591 1140 fiat,
638 1099 690 1129 ne
732 1087 862 1129 verbo
903 1086 1074 1140 quidem
1115 1087 1276 1139 attigit,
1319 1086 1400 1129 nisi
1442 1099 1643 1140 magnum
1676 1088 1883 1129 duramen

233 1169 444 1212 aquarum
475 1156 527 1199 de
557 1155 636 1198 hac
667 1168 714 1198 re
745 1155 906 1198 dictum
937 1156 1005 1209 sit,
1039 1168 1147 1210 quae
1179 1155 1281 1197 mihi
1304 1156 1473 1209 quidem
1497 1156 1629 1198 verba
1660 1156 1702 1198 in
1734 1156 1883 1199 molles

233 1227 353 1270 nives
394 1225 606 1280 quadrare
648 1237 731 1267 non
773 1225 984 1267 videntur.
1047 1225 1131 1267 Sed
1171 1225 1255 1267 iam
1296 1225 1418 1267 nobis
1460 1225 1684 1268 dicendum
1725 1230 1791 1269 est
1831 1226 1883 1268 de

235 1295 494 1350 imaginibus
516 1308 542 1338 a
561 1299 717 1338 natura
739 1295 849 1337 nivis
870 1295 1075 1337 deductis.
1136 1296 1196 1336 Ac
1218 1295 1403 1348 primum
1426 1295 1594 1349 quidem
1617 1295 1754 1349 frigus
1775 1296 1885 1337 nivis

233 1379 260 1409 a
289 1365 517 1408 Theocrito
549 1368 910 1407 commemoratur
941 1364 979 1405 2.
1015 1365 1098 1408 106
1130 1370 1240 1406 πᾶσα
1267 1367 1343 1417 μὲν
1371 1366 1567 1419 ἒψύχθην
1594 1368 1727 1420 χίοιός
1756 1365 1883 1415 πλέον,

234 1435 306 1478 ubi
337 1434 515 1478 Ovidius
545 1446 624 1488 pro
656 1434 752 1476 nive
785 1433 966 1487 glaciem
998 1434 1165 1476 induxit
1209 1433 1297 1478 her.
1334 1435 1369 1476 1.
1404 1434 1470 1476 22.
1508 1434 1714 1489 friyidias
1751 1435 1886 1489 ylaeie

225 1508 375 1560 pectus
405 1505 590 1547 ammztis
620 1507 722 1546 erat.
754 1502 841 1546 ibid
865 1504 930 1547 10.
954 1504 1009 1546 32
1038 1503 1241 1558 friyidior
1269 1504 1406 1558 ylaeie
1435 1505 1776 1558 semianimisque
1804 1505 1883 1559 fui.

235 1574 391 1618 Album
422 1573 477 1616 ad
507 1573 694 1616 colorem
726 1572 1041 1626 depingendum
1074 1573 1115 1614 in
1148 1572 1295 1616 multis
1317 1573 1708 1627 comparationibus
1740 1574 1882 1616 nivem

233 1644 374 1687 locum
394 1642 555 1686 habere
576 1643 792 1685 videmus:
825 1642 876 1684 K.
904 1642 1002 1693 437,
1026 1641 1243 1684 Philoxen.
1277 1643 1315 1694 2,
1349 1644 1388 1685 6.
1423 1643 1514 1685 Cat.
1548 1642 1617 1693 25,
1649 1643 1717 1685 26.
1751 1643 1819 1695 61,
1843 1645 1882 1685 9.

234 1713 304 1764 80,
337 1713 374 1755 1.
437 1711 564 1765 Prop.
596 1711 654 1754 ΙΙ.
695 1712 735 1762 3,
781 1712 818 1753 1.
866 1711 996 1764 Verg.
1030 1712 1133 1753 Aen.
1166 1711 1260 1755 XII.
1294 1711 1361 1755 84.
1407 1712 1484 1754 Ov.
1519 1724 1599 1754 am.
1635 1712 1709 1756 III.
1743 1711 1781 1765 5,
1818 1713 1883 1756 11.

235 1783 274 1836 7,
308 1783 346 1826 7.
377 1781 468 1824 her.
512 1781 578 1824 15.
612 1780 708 1824 249.
755 1784 855 1822 met.
902 1781 954 1824 II.
987 1780 1083 1824 852.
1127 1780 1220 1825 VII.
1252 1781 1348 1823 373.
1382 1781 1496 1823 XIII.
1532 1782 1628 1824 795.
1670 1794 1720 1824 ex
1752 1782 1797 1824 P.
1830 1782 1883 1825 II.

234 1852 345 1896 5.38.
406 1849 561 1893 Nivem
607 1850 739 1892 radiis
785 1850 886 1892 solis
932 1849 1175 1892 madentem
1221 1849 1426 1892 exhibent
1468 1850 1752 1893 Callimachus
1784 1851 1823 1894 h.
1856 1852 1882 1896 i.

234 1921 355 1965 Dem,
401 1919 469 1963 92,
511 1915 564 1964 (ὃς
600 1914 643 1955 δὲ
681 1914 866 1968 ,[ᾙΙμανῐι
907 1916 1009 1968 χιών
1047 1947 1054 1954 .
1085 1947 1093 1954 .
1130 1916 1194 1955 καὶ
1234 1917 1385 1955 τούτων
1425 1914 1482 1956 ἔτι
1523 1919 1683 1967 μᾶσσον
1720 1916 1882 1957 grauem

234 1994 280 2033 et
309 1989 566 2032 Theocritus
613 1989 651 2039 7,
684 1989 750 2031 76.
784 1985 873 2031 εἶτε
901 1991 1000 2044 χιών
1028 1988 1079 2040 ὥς
1108 2006 1163 2038 τις
1190 1992 1427 2031 nau-niuem
1464 1992 1618 2044 μακρὸν
1646 1992 1715 2045 ὑφ’
1743 1987 1886 2043 Αἷμον

236 2058 406 2115 ἤἍθω
435 2057 460 2114 ἢ
486 2059 678 2100 Ῥυδόπαν
699 2058 723 2113 ἤ
753 2061 972 2100 Καύκασον
1001 2060 1270 2113 ἐσχατόωντα.
1289 2058 1341 2111 36)
1408 2058 1530 2108 Quod
1572 2062 1754 2113 utroque
1795 2059 1886 2102 loco

235 2128 407 2171 nomina
451 2127 659 2171 montium
695 2126 948 2179 afferuntur,
991 2128 1127 2180 (locet,
1167 2130 1318 2180 poetas
1359 2132 1460 2170 ante
1500 2128 1644 2171 oculos
1686 2128 1886 2171 habuisse

235 2217 256 2240 τ
277 2204 364 2243 205.
393 2199 446 2249 (ὃς
473 2199 517 2240 δὲ
543 2200 643 2253 χιών
669 2200 904 2253 κατιιτὴκι-τῖ
931 2199 973 2239 ἐν
1000 2200 1275 2252 (ἰκρυῑιόλοισιν
1303 2197 1471 2252 ὄρεσσιν.
1547 2198 1737 2241 Eandem
1782 2199 1886 2241 ima-

236 2268 379 2321 ginem
423 2267 555 2310 semel
599 2266 724 2309 modo
766 2266 943 2309 Ovidius
987 2266 1140 2309 habet:
1191 2279 1244 2309 ex
1289 2267 1335 2309 P.
1376 2267 1409 2310 Ι.
1444 2269 1480 2310 1.
1513 2268 1580 2311 68.
1626 2282 1711 2311 non
1756 2269 1888 2324 {qi-tur

235 2337 404 2389 mirum,
435 2337 476 2379 si
504 2350 620 2379 mens
650 2349 741 2379 mea
772 2335 918 2378 tabida
946 2336 1062 2391 facta
1092 2336 1142 2379 de
1171 2337 1264 2379 nive
1294 2339 1507 2380 neanantis
1545 2352 1658 2380 more
1700 2338 1890 2393 liquescit

236 2420 382 2461 aquae.
413 2418 512 2448 nam
543 2409 642 2448 met.
674 2406 727 2450 II.
761 2405 845 2448 808
886 2405 1066 2458 glaciem
1107 2406 1149 2448 in
1182 2406 1291 2449 nivis
1332 2406 1471 2449 locum
1504 2408 1674 2450 vocavit
1706 2411 1749 2450 et
1780 2412 1882 2450 met.

236 2476 313 2520 III.
344 2475 429 2519 488
458 2476 691 2518 matutinas
713 2476 913 2529 pruinas.
975 2475 1040 2517 Ad
1081 2475 1388 2518 abundantiam
1419 2477 1693 2519 lacrimarum
1725 2477 1886 2531 signifi-

236 2545 415 2589 candam
459 2544 540 2588 hac
582 2545 770 2598 imagine
809 2545 987 2587 Ovidius
1027 2545 1184 2588 utitur:
1231 2545 1320 2587 her.
1371 2547 1438 2596 13,
1469 2545 1525 2588 52
1565 2559 1646 2589 am.
1680 2547 1711 2589 I.
1745 2547 1784 2598 7,
1816 2546 1884 2592 58.

237 2615 350 2659 trist.
382 2614 457 2659 III.
491 2614 529 2667 2,
563 2615 629 2656 19.
672 2625 723 2656 ex
764 2613 809 2658 P.
854 2613 907 2656 II.
950 2613 1024 2656 III.
1057 2615 1097 2666 3,
1130 2614 1198 2658 89.
1259 2614 1376 2657 Idem
1418 2615 1567 2658 imbris
1608 2616 1746 2658 instar
1786 2610 1889 2659 facit

237 2683 434 2726 lacrimas
464 2682 581 2725 fusas
611 2682 701 2724 her.
726 2683 791 2734 10,
817 2682 899 2725 138
920 2686 965 2725 et
995 2681 1180 2725 fluminis
1213 2683 1336 2726 modo
1358 2683 1448 2728 her.
1481 2684 1520 2728 8.
1554 2684 1621 2726 62.
1675 2684 1881 2738 Megarae

238 2755 389 2795 auctor
417 2765 455 2796 V.
476 2751 545 2795 45.
579 2755 628 2794 σύ
656 2754 696 2793 (5³
710 2753 803 2807 ἠΰτε
831 2751 974 2805 λείβεαι
1004 2751 1111 2806 ὕδωρ
1141 2754 1281 2803 νύκτας
1317 2770 1359 2794 τε
1397 2753 1585 2795 κλαίουσα
1612 2757 1676 2795 καὶ
1711 2755 1754 2796 ἐκ
1788 2758 1886 2804 Διὸς

239 2821 375 2877 ἤματα
417 2824 549 2863 πάντα
580 2833 687 2863 unus
718 2823 964 2862 nostrorum
994 2823 1221 2873 poetarum
1261 2825 1479 2875 spectasse
1516 2822 1688 2865 videtur
1727 2823 1887 2866 rivulos

377 2946 420 2989 ³⁶)
446 2946 608 2982 Hillerus
632 2945 679 2981 ad
696 2945 797 2980 hunc
820 2955 970 2980 versum
986 2945 1156 2983 adnotat:
1183 2947 1244 2982 bei
1268 2946 1354 2991 χίών
1386 2948 1435 2982 ist
1463 2947 1520 2982 die
1544 2948 1795 2993 hinzufiifflmq
1819 2960 1888 2984 von

238 3017 284 3040 τις
308 3003 516 3048 (tuffallend,
546 3015 582 3039 es
605 3005 673 3040 soll
695 3005 809 3041 clamet
832 3007 927 3042 wohl
956 3008 1014 3042 ein
1037 3007 1300 3051 schneehaujen
1332 3006 1418 3041 oder
1450 3007 1526 3041 eine
1557 3006 1798 3042 sclmeemasse
1831 3007 1885 3042 bc-

238 3061 395 3096 zeiclmet
418 3062 568 3097 werden.
615 3063 763 3098 videtur
798 3064 837 3099 in
873 3076 917 3099 eo
953 3064 1160 3107 offendisse,
1198 3065 1297 3108 quod
1330 3064 1482 3099 nomina
1519 3064 1704 3099 montium
1743 3064 1886 3100 addidit

240 3121 359 3164 poeta.
387 3121 486 3154 certe
511 3120 594 3164 χιών
611 3134 657 3158 τις
682 3122 888 3168 temporale
907 3122 1049 3157 dictum
1076 3125 1142 3166 est,
1168 3133 1240 3157 non
1266 3122 1373 3157 aliter
1397 3124 1508 3167 atque
1534 3133 1555 3157 a
1580 3123 1754 3166 nostrate,
1781 3133 1817 3158 es
1841 3123 1889 3158 ist

239 3178 297 3212 ein
321 3177 446 3212 selmee
459 3178 649 3223 yefallenf‘
