2086 3470
302 675 535 760 Doctrina,
569 721 696 763 quam
728 707 780 750 de
802 704 908 750 artis
930 705 1125 761 poeticae
1147 707 1386 750 rationibus
1410 706 1452 750 in
1484 707 1615 750 tertia
1637 705 1818 751 alterius

165 777 264 821 libri
295 777 479 832 epistula
519 775 688 830 profert
720 776 938 828 HoratiuS,
979 788 1117 830 neque
1160 789 1254 819 eam
1294 777 1418 820 modo
1462 776 1516 820 ob
1557 789 1729 819 causam
1776 777 1818 818 in

161 848 300 890 lucem
331 859 356 889 a
386 850 516 900 poeta
545 845 661 888 edita
702 850 780 897 est,
824 850 872 888 ut
914 845 1088 888 Pisones
1134 846 1321 897 doceret,
1369 846 1579 901 quomodo
1626 845 1817 889 carmina

166 919 419 972 pangerent,
451 927 588 969 neque
620 915 658 957 ei
691 915 866 968 propria
890 919 933 957 et
964 915 1193 968 peculiaris
1225 920 1302 958 est.
1366 916 1449 958 Per
1480 915 1671 969 singulas
1704 915 1818 957 enini

167 988 315 1040 partes
354 997 380 1027 a
420 984 598 1027 Graecis
639 982 956 1037 exemplaribus
994 985 1144 1037 petita,
1190 996 1339 1027 norma
1379 989 1446 1027 est
1485 989 1614 1039 atque
1654 984 1820 1038 regula,

167 1066 294 1113 quain
325 1065 472 1096 omnes
502 1058 670 1107 poetae,
713 1053 784 1107 qui
824 1053 901 1095 hac
945 1057 1088 1095 aetate
1126 1054 1286 1096 Romae
1324 1053 1491 1105 florent,
1532 1065 1698 1096 summa
1738 1051 1822 1095 fide

167 1126 418 1178 sequuntur.
481 1122 561 1173 Qui
603 1135 749 1164 omnes
791 1123 1019 1175 ingenuam
1061 1126 1105 1164 et
1135 1134 1355 1165 romanam
1397 1127 1538 1165 artem
1576 1134 1726 1165 creare
1767 1134 1820 1164 ne

169 1192 309 1235 conati
340 1191 510 1246 quidem
543 1195 666 1234 sunt:
699 1203 793 1233 cum
826 1191 979 1234 Graeci
1012 1195 1166 1245 poetae
1198 1193 1249 1234 iis
1281 1193 1322 1234 in
1355 1205 1566 1235 summum
1598 1192 1820 1246 fastigium

170 1262 304 1304 evecti
347 1273 440 1303 esse
486 1261 749 1311 viderentur,
796 1273 927 1314 super
972 1262 1083 1315 quod
1130 1262 1298 1304 escendi
1346 1274 1427 1304 non
1474 1266 1634 1315 posset,
1683 1262 1726 1303 in
1772 1273 1822 1303 eo

170 1342 380 1373 summum
412 1329 600 1372 studium
632 1341 886 1383 omnemque
933 1342 1108 1383 operam
1155 1335 1404 1384 posuerunt,
1438 1334 1485 1372 ut
1515 1355 1572 1361 —-
1603 1330 1822 1373 Aeolicum

170 1399 252 1451 hic,
297 1398 369 1441 ille
400 1398 753 1442 Allexandrinum
798 1423 854 1428 —-
898 1410 1068 1441 carmen
1116 1399 1168 1442 ad
1205 1399 1338 1442 Italos
1370 1400 1632 1442 deducerent
1678 1399 1825 1442 modos

172 1469 317 1522 itaque
347 1468 414 1510 sui
444 1468 591 1522 populi
624 1467 817 1511 facerent
838 1480 982 1522 opera,
1015 1469 1168 1522 quibus
1189 1469 1407 1522 pulcriora
1428 1467 1590 1522 fingere
1622 1468 1827 1512 mortales

173 1549 256 1581 non
277 1541 466 1591 possent.
518 1536 660 1587 Quare
684 1538 724 1579 in
748 1538 943 1579 omnibus
966 1538 1300 1591 quaestionibus,
1319 1550 1428 1592 quae
1449 1537 1606 1580 latinos
1629 1541 1828 1592 spectant

173 1610 338 1661 poetas,
369 1606 500 1650 etiam
532 1618 785 1660 graecorum
829 1607 1137 1660 exemplarium
1184 1607 1296 1649 ratio
1337 1607 1531 1650 habenda
1574 1611 1617 1649 et
1659 1620 1683 1650 a
1724 1607 1828 1650 viris

175 1676 312 1719 doctis
339 1676 594 1730 plerumque
634 1675 780 1719 habita
824 1681 901 1720 est.
963 1677 1159 1720 Alterum
1199 1682 1356 1729 autem,
1400 1677 1513 1731 quod
1555 1689 1686 1731 supra
1727 1677 1827 1727 dixi,

175 1745 352 1789 eandem
394 1757 586 1788 normam
629 1749 757 1800 atque
798 1746 991 1799 regulam
1032 1758 1106 1789 eos
1147 1750 1312 1800 poetas.
1356 1746 1408 1789 de
1450 1746 1604 1801 quibus
1647 1747 1828 1800 agimus,

175 1815 308 1870 sequi,
342 1818 387 1858 et
417 1814 523 1857 alias
545 1819 588 1857 et
620 1815 662 1857 in
694 1828 744 1858 ea.
775 1819 913 1868 parte,
937 1828 1064 1869 quam
1097 1815 1219 1858 nobis
1255 1816 1525 1859 tractandam
1556 1816 1829 1870 sumpsimus,

138 1938 142 1941 Ι
176 1884 303 1939 plane
334 1884 577 1937 neglectum
609 1889 689 1927 est.
751 1884 855 1927 Cum
899 1885 1011 1927 enim
1054 1885 1105 1927 (le
1145 1884 1494 1928 similitudinibus
1535 1885 1648 1939 apud
1679 1890 1831 1940 poetas

176 1953 333 1997 latinos
355 1953 437 1996 viri
459 1953 572 1996 docti
594 1953 707 1996 haud
729 1966 829 1995 raro
850 1954 1116 2007 scripserint,
1139 1954 1201 1996 ita
1223 1967 1394 2008 semper
1422 1966 1512 1997 rem
1535 1955 1830 2005 instituerunt,

177 2027 226 2066 ut
255 2022 335 2066 sibi
376 2026 680 2076 proponerent,
723 2035 773 2064 ex
813 2023 935 2065 unius
977 2027 1131 2076 poetae
1171 2023 1432 2066 carminibus
1474 2036 1523 2066 ea
1566 2024 1830 2078 conquirere,

178 2104 288 2146 quae
361 2082 455 2134 cum
529 2092 819 2146 antiquiorum
884 2097 1108 2146 poetarum
1183 2092 1535 2135 similitudinibus
1611 2094 1833 2137 concinere

179 2161 440 2204 viderentur.
502 2161 560 2203 At
590 2165 754 2214 poetas,
787 2162 858 2216 qui
902 2163 1166 2216 ceteroquin,
1199 2163 1320 2216 quasi
1353 2167 1470 2205 secta
1502 2163 1569 2204 vel
1601 2163 1830 2216 collegium

180 2229 350 2272 easdem
410 2229 528 2282 leges
578 2231 714 2272 secuti
763 2235 874 2282 suut,
927 2231 1057 2273 etiam
1118 2231 1170 2274 de
1221 2231 1572 2274 similitudinibus
1622 2231 1834 2285 fingendis

181 2297 516 2352 adhibendisque
547 2299 657 2342 idem
700 2300 898 2351 sensisse,
932 2313 1104 2343 necesse
1135 2305 1214 2344 est.
1277 2300 1427 2354 Itaque
1471 2313 1609 2355 spero,
1648 2301 1753 2353 fore,
1787 2305 1836 2342 ut

181 2367 295 2411 haud
325 2380 685 2422 supervacaneam
721 2369 869 2411 videar
901 2370 1193 2423 quaestionem
1230 2362 1468 2413 instituisse
1505 2370 1556 2413 de
1593 2370 1837 2412 similitudi-

182 2435 306 2480 nibus
345 2433 459 2491 apud
489 2438 777 2481 Romanorum
809 2443 959 2492 poetas
1005 2438 1231 2489 elegiacos,
1278 2438 1505 2490 'l‘ibullun·i‚
1547 2440 1834 2493 Propertium,

185 2506 395 2558 Ovidium,
442 2506 608 2560 quibus,
656 2521 739 2562 quo
804 2509 1027 2551 iustiorem
1096 2508 1321 2551 redderem
1387 2509 1633 2561 imaginem,
1694 2509 1837 2552 addidi

185 2575 414 2626 Catullum,
447 2576 685 2629 Vergilium
710 2582 753 2620 et
774 2577 1017 2629 Horatium,
1052 2590 1309 2631 quamquam
1332 2578 1456 2620 huius
1479 2579 1648 2632 quidem
1682 2578 1838 2621 satiras

186 2644 472 2699 epistolasque
504 2646 648 2688 omisi:
692 2651 791 2688 sunt
821 2647 934 2689 enim
978 2646 1031 2689 ab
1063 2659 1112 2689 co
1145 2659 1303 2699 genere
1342 2647 1482 2701 poesis
1515 2647 1693 2697 alienae,
1726 2648 1838 2701 quod

186 2713 288 2755 mihi
320 2714 590 2757 tractandum
632 2716 848 2769 proposui.
911 2716 1098 2758 Graecos
1143 2728 1244 2758 vero
1286 2721 1448 2770 poetas,
1491 2730 1596 2771 quos
1638 2730 1731 2759 cum
1774 2716 1839 2758 his

187 2795 497 2837 componerem,
531 2785 633 2827 mihi
666 2785 775 2836 clegi
807 2785 1056 2836 Homerum,
1090 2798 1141 2827 ex
1173 2798 1256 2840 quo
1288 2786 1425 2828 omnis
1454 2786 1613 2840 pendet
1646 2790 1838 2829 veterum

188 2863 260 2894 ars
291 2853 471 2905 poet-ica,
504 2852 824 2901 Callimachum,
858 2853 1149 2906 Theocritum,
1182 2855 1374 2906 Bionem‚
1407 2855 1642 2907 Moschum,
1676 2859 1840 2909 poetas,

189 2933 368 2975 quorum
400 2921 607 2975 reliquiae
638 2922 815 2976 Bergkii
848 2923 1098 2976 anthologia
1121 2923 1254 2977 lyrica
1275 2924 1574 2966 continentur:
1607 2924 1840 2966 Pindarum

189 2993 424 3043 poetasque
468 2991 657 3043 tragicos
703 3004 785 3033 nou
833 2992 913 3034 nisi
960 2992 1182 3035 rarissime
1219 2993 1443 3046 assumpsi.
1506 2992 1612 3035 Cum
1645 2993 1705 3035 ita
1736 3004 1842 3046 opus

191 3070 330 3100 meum
361 3059 768 3112 circumscriberem,
800 3061 958 3103 exclusi
991 3074 1041 3103 ex
1073 3062 1166 3104 eius
1197 3061 1379 3103 circuitu
1408 3061 1628 3115 propriam
1660 3060 1842 3104 fontium

194 3128 584 3182 investigationem,
608 3142 718 3183 quae
749 3130 929 3172 dicitur:
963 3131 1119 3178 etenim
1154 3143 1203 3173 ea
1226 3143 1308 3173 uno
1330 3131 1439 3173 artis
1459 3131 1653 3184 poeticae
1684 3142 1843 3184 genere

1571 3233 1592 3267 1
