2086 3470
922 170 1207 218 ——66—

382 311 554 365 Pieem,
595 324 722 365 quam
760 311 981 365 quinquies
1022 311 1135 364 apud
1177 310 1378 353 Ovidium
1416 309 1571 361 inveni,
1612 312 1765 363 quater
1809 309 1883 353 ad-

247 380 385 422 hibuit
414 379 469 422 ad
498 381 668 432 nigrum
700 379 883 422 colorem
904 379 1218 430 illustrandum,
1240 380 1284 421 in
1314 390 1395 433 quo
1418 381 1589 421 secutus
1618 381 1686 421 est
1705 378 1883 421 Homeri

248 452 302 489 A.
330 456 415 492 277.
443 451 684 503 μελάντερον
711 448 806 503 ἠΰτε
834 448 966 489 πίσσα.
1028 447 1289 501 Simpliciter
1318 447 1458 500 picem
1488 446 1650 489 inducit·
1687 446 1780 490 her.
1813 446 1884 492 17.

249 516 287 558 7.
319 519 419 558 met.
451 516 544 560 XII.
575 515 673 560 402.
724 515 938 570 Illyricam
967 528 1068 558 vero
1099 516 1237 569 picem
1268 528 1305 558 a.
1338 527 1418 558 am.
1441 514 1495 557 ΙΙ.
1518 514 1614 558 568.
1647 527 1698 557 ex
1727 514 1773 560 P.
1805 514 1878 558 IV.

249 584 315 628 14,
345 584 414 627 45.
474 583 552 626 His
593 587 776 637 quatuor
815 583 919 625 locis
959 584 994 625 si
1036 583 1087 625 de
1129 584 1270 626 colore
1312 583 1468 636 agitur,
1513 582 1598 625 alia
1639 586 1706 625 est
1743 583 1884 636 imago

248 655 348 695 met.
380 652 451 694 IX.
483 652 578 694 659.
602 651 799 704 protinus
819 655 864 692 ut
884 654 992 693 secta
1012 651 1157 704 piceae
1187 652 1236 694 de
1265 652 1410 694 cortice
1437 653 1588 705 wittae,
1617 651 1679 693 sic
1699 650 1886 694 lacrimis
1920 671 1922 673 ¹

248 723 490 773 emi-sumpta
537 719 627 761 suis
670 719 876 762 Phoebeia
905 718 1070 773 Byblis,
1117 732 1243 774 quam
1288 722 1436 768 auctor
1481 719 1661 762 amissae
1706 719 1885 762 Medeae

248 789 484 842 depromsit
542 800 592 830 ex
651 788 870 841 Euripidis
915 787 1079 838 Medea,
1146 787 1237 830 ubi.
1286 787 1462 830 eandem
1527 787 1885 841 comparationem

248 856 379 899 habes
412 856 535 899 1200.

384 983 620 1037 Pauperes
652 983 698 1025 et
729 982 854 1025 servi
914 982 1065 1035 quibus
1111 981 1367 1034 imaginibus
1421 981 1541 1023 nobis
1595 984 1695 1024 ante
1741 981 1886 1024 oculos

248 1055 476 1105 ponuntur,
509 1063 580 1093 eas
611 1053 750 1092 restat
780 1054 827 1092 ut
857 1049 1095 1093 afferamus.
1156 1050 1258 1092 Eius
1289 1050 1402 1092 modi
1432 1050 1808 1103 comparationum,
1839 1050 1885 1092 in

249 1119 507 1162 carminibus
553 1119 772 1161 amatoriis
818 1122 1041 1172 poetarum
1086 1122 1331 1160 nostrorum
1385 1122 1428 1160 et
1472 1118 1557 1160 iam
1601 1121 1728 1160 antea
1771 1118 1886 1171 apud

249 1188 505 1241 Byzantinos
545 1187 933 1239 usitatissimarum,
979 1187 1021 1228 in
1062 1186 1128 1228 his
1171 1186 1441 1237 carminibus,
1484 1187 1536 1228 de
1585 1187 1736 1240 quibus
1775 1198 1886 1245 nunc

249 1257 426 1310 agimus,
459 1256 659 1309 exiguum
690 1267 783 1298 esse
815 1267 1050 1308 numerum,
1091 1256 1247 1297 mirum
1277 1267 1370 1298 esse
1412 1267 1496 1297 non
1535 1258 1679 1308 potest
1717 1255 1781 1308 iis,
1813 1255 1887 1309 qui

249 1337 392 1368 secum
422 1327 636 1378 reputent,
670 1336 796 1377 quam
827 1337 852 1366 a
883 1324 1047 1367 servitii
1078 1327 1208 1377 atque
1247 1324 1518 1377 paupertatis
1549 1323 1615 1366 vel
1644 1324 1887 1367 nominibus

250 1397 419 1436 veteres
478 1392 791 1435 abhorruerint.
867 1393 916 1434 Id
984 1393 1143 1446 optime
1196 1393 1316 1435 nobis
1371 1393 1636 1435 demonstrat
1688 1391 1886 1435 Socrates

249 1461 595 1514 Xenophonteus,
637 1462 709 1514 qui
741 1460 921 1503 Critiam
966 1461 1135 1514 perdite
1184 1464 1398 1503 amantem
1444 1460 1677 1514 vituperat,
1711 1463 1886 1516 φάσκων,

250 1527 515 1578 ἀνελεύθερόν
542 1541 577 1565 τι
604 1520 703 1565 εἶναι
729 1526 793 1564 καὶ
820 1526 866 1565 οὕ
895 1523 1054 1576 πρέπειν
1083 1525 1196 1578 α”νδρί
1230 1527 1338 1581 καλῷ
1372 1526 1545 1581 κάγαθῷ
1571 1527 1641 1565 τὸν
1676 1522 1886 1577 ἐρωμένων,

250 1587 282 1651 ᾧ
321 1595 503 1646 βούλεται
543 1596 687 1633 πολλοῦ
715 1591 819 1642 ἄξιος
859 1593 1087 1647 φαίνεσθαι,
1120 1596 1351 1645 προςαιτεῖν,
1392 1591 1525 1647 (ὅσπερ
1566 1595 1655 1642 τοὺς
1694 1594 1886 1646 πτώχους,

250 1666 473 1708 ἱκετεύοντα
499 1668 564 1706 καὶ
590 1667 778 1719 δεόμενον
807 1668 1047 1719 προςὸοῢναι.
1103 1665 1253 1718 Itaque
1295 1666 1360 1708 bis
1401 1665 1524 1708 modo
1555 1665 1670 1719 apud
1699 1664 1885 1708 Graecos

250 1734 293 1776 in
339 1733 726 1788 comparationibus
771 1746 939 1776 servum
984 1734 1148 1776 inveni:
1214 1733 1326 1787 apud
1371 1734 1516 1776 Asium
1563 1733 1615 1778 fr.
1662 1734 1700 1776 1.
1745 1737 1887 1789 χωλός,

251 1803 493 1858 στιγματίης,
522 1805 776 1857 πολυγήραος,
803 1799 888 1852 ἶσος
915 1805 1043 1859 α’λήτῃ
1072 1798 1198 1857 ἦλθεν
1234 1804 1456 1851 κνισοκόλαξ
1504 1804 1548 1843 et
1592 1801 1705 1854 apud
1750 1801 1886 1844 Theo-

251 1870 421 1923 gnidem
451 1870 546 1913 276.
591 1873 659 1912 τὸν
698 1871 834 1924 πατέρ’
887 1870 1157 1924 ἓχθαίροῑσιν,
1207 1874 1453 1924 καταρῶνται
1501 1871 1534 1910 δ’
1551 1869 1774 1912 ἀπολέσθαι
1823 1872 1888 1911 καὶ

251 1938 450 1992 στυγέουσ’
491 1937 625 1991 ὥσπερ
654 1941 815 1991 πτωχόν
856 1938 1138 1992 ἐπερχόμενον.
1193 1936 1349 1979 Servas
1394 1937 1709 1990 praetereundo
1762 1937 1884 1979 modo

250 2006 392 2058 tangit
420 2005 637 2058 Euphorio
667 2004 720 2056 fr,
754 2005 847 2048 165.
882 2007 977 2059 ἠΰτε
1006 2007 1150 2047 δοῦλαι.
1210 2006 1246 2047 Ε
1276 2006 1420 2048 latinis
1449 2006 1586 2058 poetis
1617 2006 1682 2048 bis
1708 2005 1884 2048 Ovidius

251 2086 397 2116 servos
426 2073 578 2115 habet:
609 2073 712 2115 Fast
741 2073 772 2115 Ι.
807 2074 903 2115 137.
934 2076 1057 2127 utque
1086 2073 1230 2115 sedens
1262 2072 1398 2126 primi
1426 2076 1554 2115 vester
1575 2085 1708 2126 prope
1738 2072 1886 2115 limina

250 2141 340 2183 teeti
368 2140 523 2183 ianitor
552 2154 743 2195 eysressus
772 2140 1044 2193 introitusque
1073 2141 1193 2183 videt.
1225 2141 1338 2184 trist.
1370 2141 1441 2183 IV.
1466 2141 1503 2184 1.
1534 2140 1572 2183 5.
1605 2140 1679 2182 hoc
1709 2143 1779 2192 est,
1810 2154 1885 2182 eur

252 2212 384 2251 comitet
413 2209 575 2251 vinctus
606 2222 767 2263 quoque
812 2209 998 2262 compede
1030 2209 1180 2262 fossor
1208 2208 1378 2250 indocili
1416 2222 1598 2260 numero,
1639 2222 1732 2250 cum
1758 2223 1886 2263 yrave

255 2277 387 2319 mollit
417 2291 546 2330 opus:
577 2277 784 2319 ewntautis
804 2277 980 2330 pariter,
1005 2277 1169 2330 pariter
1209 2277 1309 2318 datu
1337 2290 1466 2329 pensa
1495 2276 1695 2318 trahentis
1711 2277 1889 2330 fallitur

253 2346 429 2388 ancillae
473 2345 751 2399 decipiturque
782 2346 910 2387 labor.
954 2345 1085 2387 semel
1116 2344 1308 2387 Catullus
1350 2345 1418 2389 63.
1449 2345 1516 2387 51.
1553 2345 1713 2397 patria,
1744 2359 1767 2386 ο
1796 2359 1888 2387 mea

249 2414 445 2468 yenetrioe,
475 2427 545 2468 e90
588 2428 715 2466 quam
756 2413 881 2456 miser
921 2413 1167 2468 relinquens,
1211 2413 1398 2455 dominos
1442 2416 1487 2454 ut
1517 2413 1704 2467 erifityae
1726 2413 1887 2467 famuli

252 2482 394 2533 solent,
427 2482 483 2523 ad
513 2481 619 2524 Idae
649 2482 763 2524 tetuli
792 2495 964 2524 nemora
984 2482 1144 2543 pedem.

391 2764 596 2816 Quoniam
643 2767 1005 2809 enumerationem
1054 2770 1245 2809 nostram
1290 2765 1612 2808 similitudinum
1659 2764 1713 2808 ad
1758 2764 1884 2807 finem

253 2833 541 2886 perduximus,
582 2837 731 2886 restat,
773 2838 821 2876 ut
865 2834 1010 2887 paucis
1063 2846 1334 2887 exponamus,
1380 2834 1481 2887 quid
1527 2832 1716 2876 effecisse
1761 2832 1883 2875 nobis
1918 2854 1921 2857 Δ

254 2901 485 2943 videamur.

389 2969 451 3010 Ac
480 2969 664 3021 primum
705 2970 874 3022 quidem
916 2970 959 3012 id
1001 2974 1194 3023 apparet,
1226 2970 1445 3023 imagines,
1488 2981 1595 3023 quae
1634 2969 1677 3010 in
1707 2968 1883 3011 Homeri

253 3037 509 3078 carminibus
541 3037 754 3090 leguntur,
797 3038 916 3091 quasi
946 3037 1266 3080 fundamentum
1297 3050 1402 3088 esse,
1444 3037 1487 3078 in
1517 3049 1598 3090 quo
1640 3049 1737 3078 suas
1769 3048 1881 3078 com-

253 3105 497 3158 parationes
519 3105 740 3157 posuerint
756 3109 945 3147 aetatum
962 3106 1246 3158 posteriorum
1267 3108 1431 3158 poetae.
1464 3104 1553 3146 Has
1571 3104 1790 3156 imagines,
1813 3103 1884 3156 qui
