2086 3470
880 177 1169 229 ..451-

471 340 556 369 uon
585 329 723 369 tamen
752 329 798 368 ut
826 328 966 367 vastos
996 323 1136 366 ausim
1165 325 1364 376 temptare
1392 321 1540 375 leones,

587 399 661 438 aut
689 396 794 439 celer
822 398 1006 450 ayo-estes
1036 393 1223 436 cominus
1252 393 1314 435 ire
1343 405 1461 435 sues:

471 465 571 508 haee
599 465 729 520 iyitur
758 465 862 507 mim
890 464 946 506 sit
975 463 1133 517 lepores
1164 461 1345 504 audacia
1375 461 1518 503 molles

586 534 768 588 eoecipere
797 538 834 577 et
863 534 1002 576 stricto
1022 534 1155 588 fiyere
1185 546 1303 574 avem
1332 531 1504 573 calamo.

196 605 324 660 Apud
355 577 572 648 catullum
609 604 819 657 imagines
865 604 917 646 de
963 602 1189 645 venatione
1237 600 1488 653 desumptae
1535 611 1618 641 non
1665 600 1850 649 exstant,

197 674 308 730 quod
340 685 443 718 vero
473 673 689 716 Tibullum
719 673 889 725 attinet,
921 672 1040 714 cuius
1071 683 1199 725 quam
1229 669 1355 713 fortis
1384 667 1517 711 fuerit
1548 667 1726 718 animus,
1761 666 1852 720 ipse

197 743 477 796 demonstrat,
508 742 663 785 haecce
694 742 816 796 quasi
848 741 1089 795 singultans
1120 740 1151 783 I.
1187 740 1251 783 10.
1287 740 1339 781 11

470 815 567 854 tuuc
596 811 700 854 mihi.
729 811 815 853 vita
833 811 953 866 foret
982 809 1116 853 dulcis
1145 822 1217 852 uec
1246 807 1387 850 tristia
1416 819 1578 850 nossem

586 895 710 923 arma
739 894 811 923 uec
841 880 1054 923 audissem
1085 878 1206 922 eorde
1235 877 1411 920 micante
1440 876 1607 918 tubam:

469 964 581 994 mmo
611 950 668 992 ad
698 950 804 992 bella
833 949 980 992 trahor
1010 952 1047 991 et
1074 948 1163 990 iam
1193 947 1288 1003 quis
1307 946 1501 1002 forsitan
1530 945 1662 988 hostis

586 1019 771 1062 haesura
801 1019 846 1061 iu
875 1021 1018 1061 uestro
1048 1018 1129 1061 tela
1155 1016 1262 1072 {serit
1291 1016 1418 1059 latere

197 1094 242 1134 et
271 1090 384 1145 quod
405 1089 603 1133 Ovidium
635 1089 806 1139 attinet,
838 1089 910 1142 qui
941 1088 1034 1142 ipse
1061 1086 1240 1141 yracz'les
1270 1089 1391 1128 artus
1422 1097 1520 1128 suos
1554 1088 1680 1127 vocat
1710 1087 1754 1126 et
1786 1083 1852 1125 cui

196 1160 311 1203 vires
341 1171 426 1202 non
455 1162 582 1202 erant
611 1159 692 1201 nisi
724 1170 748 1200 e
780 1158 1002 1211 voluptate
1035 1156 1150 1199 altae
1181 1156 1281 1209 (am.
1313 1155 1366 1197 II.
1399 1154 1467 1198 10.
1490 1152 1580 1209 25),
1612 1165 1696 1195 non
1727 1151 1852 1195 facile

195 1229 292 1283 quis
321 1228 483 1282 credat,
506 1228 646 1282 magis
676 1239 835 1282 pronos
867 1239 940 1270 eos
971 1226 1025 1269 ad
1056 1225 1247 1280 pericula
1278 1224 1516 1267 venationis
1548 1222 1692 1275 fuisse,
1721 1226 1851 1276 atque

196 1297 485 1352 Propertium.
546 1297 710 1351 Itaque,
758 1308 867 1352 quae
898 1297 950 1339 de
996 1296 1061 1338 his
1092 1295 1220 1338 rebus
1263 1293 1503 1348 proferunt,
1553 1292 1634 1335 nisi
1665 1293 1708 1334 in
1739 1292 1852 1334 circo

197 1366 409 1420 viderunt,
442 1379 466 1410 e
498 1367 666 1420 graecis
710 1366 1044 1419 desumpserunt
1089 1362 1360 1416 carminibus,
1399 1373 1630 1416 omnesque
1672 1361 1849 1412 bestiae,

196 1449 302 1492 quas
333 1436 551 1488 inducunt,
582 1435 687 1479 feris
718 1435 961 1478 Homericis
1001 1434 1173 1488 genitae
1214 1445 1307 1476 esse
1343 1432 1561 1487 putandae
1592 1434 1705 1475 sunt.
1768 1429 1852 1472 Sed

195 1506 446 1561 priusquam
502 1505 789 1559 dispiciamus,
862 1504 981 1547 ferae
1027 1504 1174 1558 quales
1221 1503 1308 1546 sint
1356 1503 1399 1545 in
1445 1498 1851 1555 comparationibus,

195 1587 332 1631 pauca
362 1575 612 1628 colligamus
644 1587 708 1626 ea,
741 1587 850 1628 quae
882 1574 937 1617 ad
968 1578 1195 1616 venatores
1226 1571 1455 1615 referenda
1485 1575 1596 1614 sunt.
1659 1569 1851 1620 Quorum

196 1645 382 1699 sagittas
402 1644 656 1687 Theocritus
686 1643 818 1686 habet
848 1643 916 1688 25.
950 1642 1034 1685 245
1064 1646 1186 1698 nvom)
1224 1643 1267 1684 δὲ
1296 1643 1413 1697 ῥάχις
1449 1640 1572 1696 γένετ’
1603 1641 1697 1695 η’·ΰτε
1726 1642 1852 1689 τόξον.

195 1714 348 1768 plagas
390 1716 536 1756 autem
580 1713 620 1757 8.
652 1713 707 1756 28
747 1712 944 1767 (δένδρεσι
971 1713 1047 1767 μὲν
1076 1715 1232 1767 χειμών
1258 1714 1434 1767 φοβερὸν
1463 1713 1601 1765 κακόν)
1628 1708 1853 1765 ἀγροτέροις

197 1784 241 1826 δὲ
266 1784 366 1825 λίνα.
423 1781 537 1834 Quas
567 1786 616 1825 ut
646 1786 765 1825 recte
784 1786 928 1836 'ponat
968 1785 1217 1824 venatorem
1261 1781 1370 1823 scire
1409 1779 1579 1831 debere,
1622 1777 1695 1821 ubi
1734 1777 1852 1820 ferae

196 1851 491 1896 lubentissime
522 1855 765 1904 versantur,
799 1851 913 1905 apud
944 1850 1143 1893 Ovidium
1175 1850 1218 1892 in
1259 1849 1402 1892 iocosa
1433 1847 1754 1902 comparatione
1786 1851 1852 1889 est

197 1934 234 1966 a.
267 1934 349 1964 am.
382 1921 415 1963 I.
447 1921 504 1965 45
534 1920 611 1963 scit
647 1920 744 1963 bene
774 1923 954 1972 venator,
998 1919 1129 1962 cervis
1169 1918 1240 1961 ubiv
1280 1918 1388 1961 retia
1432 1917 1584 1970 tendat,
1627 1916 1704 1959 scit
1743 1916 1850 1967 bene,

195 2005 281 2046 qua
299 1990 509 2046 frendens
539 1989 645 2032 valle
665 1993 857 2032 moratur
888 2003 1000 2043 aper.
1061 1988 1181 2031 Idem
1203 2001 1297 2030 cum
1326 1987 1549 2040 scriberet,
1573 1999 1681 2041 quae
1702 1986 1852 2040 legun-

196 2064 269 2103 tur
299 2072 381 2105 am.
412 2059 466 2104 II.
499 2060 538 2102 9.
573 2061 599 2102 9
629 2062 800 2102 venator
829 2059 1019 2114 sequitur
1049 2057 1277 2113 fuyieutia,
1309 2060 1432 2111 capta
1459 2056 1657 2110 relinquit
1693 2068 1853 2109 semper

195 2132 233 2172 et
260 2127 437 2171 inventis
466 2128 668 2171 ulteriora
689 2128 795 2182 petit
825 2132 926 2171 ante
958 2127 1104 2171 oculos
1143 2126 1294 2170 habuit
1332 2126 1580 2169 Callimachi
1613 2125 1748 2179 epigr.
1782 2125 1849 2168 31.

196 2194 407 2249 ιῦγρευτής,
451 2193 662 2243 Ἐπίκυδες,
703 2194 745 2234 ἓν
785 2192 918 2248 οὔρεσι
959 2195 1091 2234 πάντα
1131 2194 1287 2246 λαγωὸν
1327 2192 1424 2249 διψᾷ
1469 2193 1534 2232 καὶ
1575 2192 1707 2245 πάσης
1743 2188 1851 2244 ἴχνια

197 2262 423 2317 δορκαλίὸος
459 2263 595 2321 στείβῃ
640 2265 704 2304 καὶ
749 2266 898 2321 νιφετῷ
933 2261 1217 2317 κεχαρημένος,
1257 2259 1306 2315 ἢν
1346 2260 1391 2302 δέ
1434 2277 1491 2310 τις
1527 2258 1620 2317 εἴπῃ
1655 2263 1720 2317 ιτῇ
1759 2260 1852 2300 τόδε

195 2335 384 2391 βέβληται
412 2337 568 2391 θηρίονΊ
595 2339 664 2378 οὐκ
690 2336 843 2390 ἔλαβεν.
919 2336 1097 2378 Beluam
1159 2338 1409 2377 venatorem
1472 2333 1666 2376 trucibus
1716 2332 1850 2375 oculis

197 2408 464 2458 spectantem
498 2404 660 2448 faciunt
691 2405 869 2450 Theocr.
901 2404 969 2448 23.
1004 2405 1059 2447 10
1106 2401 1171 2446 οἷα
1213 2405 1256 2445 δὲ
1295 2406 1380 2458 θήρ
1433 2404 1565 2453 ’ὑλαῖος
1606 2403 1851 2459 ὑποπτεύῃσι

198 2476 376 2530 κυνάγως
419 2478 462 2517 et
494 2473 660 2518 Gallim.
694 2475 719 2519 i.
759 2474 882 2518 Dem.
914 2474 972 2516 50
1003 2478 1076 2516 τάν
1103 2473 1193 2528 δ’ἄῤ
1226 2472 1458 2527 ’ὑποβλέψας
1494 2474 1777 2527 χαλεπώτερον
1805 2472 1852 2526 ἠὲ

197 2540 365 2592 κυναγὸν
404 2536 545 2592 ὤρεσιν
586 2539 628 2579 ἓν
661 2538 899 2592 Ίῖιιαριόισιν
940 2536 1150 2591 ὑποβλέπει
1196 2535 1322 2590 ἄνδρα
1363 2535 1496 2577 λέαινα
1537 2537 1748 2589 ιᾶιιιοτίκος,
1781 2539 1852 2585 τοῖς

198 2614 318 2667 φαντὶ
355 2611 483 2655 πέλειν
520 2615 827 2668 βλοσῳιότατον
866 2612 991 2666 ὄμμα,
1055 2623 1236 2665 quarum
1306 2614 1532 2664 utramque
1603 2610 1850 2663 imaginum,

198 2693 456 2735 quamquam
488 2686 654 2724 certum
685 2681 905 2735 exemplar
935 2693 1018 2722 non
1050 2684 1260 2734 spectant,
1306 2684 1450 2722 tamen
1482 2679 1850 2733 comparationum

198 2749 523 2793 Homericarum
565 2751 690 2793 modo
736 2750 945 2794 formatas
991 2762 1084 2793 esse
1125 2754 1319 2804 apparet.
1382 2749 1599 2792 Addamus
1642 2749 1705 2802 iis,
1738 2749 1850 2803 quod

198 2823 267 2862 est
310 2819 424 2873 apud
465 2820 694 2863 Horatium
740 2820 863 2874 epod.
902 2821 940 2862 5.
974 2820 1000 2861 9
1045 2819 1147 2872 quid
1178 2852 1186 2860 .
1220 2852 1228 2860 .
1273 2833 1338 2861 me
1379 2818 1554 2861 intueris
1585 2851 1593 2859 .
1624 2817 1686 2859 uti
1718 2818 1851 2871 petita

187 2887 312 2942 ferro
343 2888 516 2931 bellua?
577 2892 629 2930 Π.
660 2895 744 2932 751.
785 2885 883 2942 οἶμα
923 2888 1077 2938 λέοντος
1116 2887 1224 2943 ἔχων
1265 2887 1356 2929 ὅστε
1398 2890 1610 2941 σταθμούς
1647 2888 1851 2942 κεραΐζων

197 2956 340 3012 ἔβλητο
393 2963 490 3013 πρὸς
539 2963 704 3013 στῆθος,
763 2958 808 3013 ἰή
864 2957 906 2999 τέ
949 2975 1018 3011 μιν
1073 2957 1220 2999 ὤλεσεν
1272 2959 1370 3013 ἀλκή
1437 2955 1502 2999 bis
1548 2956 1741 2998 imitatus
1786 2960 1852 2998 est

198 3026 428 3079 Virgilius:
461 3027 565 3069 Aen.
598 3027 658 3069 IX
689 3026 772 3070 792
803 3031 848 3069 et
878 3027 960 3070 551
994 3026 1125 3069 semel
1157 3025 1335 3069 Ovidius
1365 3030 1466 3068 met.
1500 3026 1572 3069 XI.
1605 3025 1693 3068 510
1728 3029 1851 3079 utque

197 3095 327 3137 soleret
355 3096 533 3148 sumptis
561 3096 737 3138 incursu
765 3095 926 3137 viribus
963 3095 1025 3138 ire
1048 3098 1212 3148 pectore
1240 3095 1286 3137 ἰἰι
1306 3109 1430 3137 arma
1453 3095 1548 3149 feri
1578 3097 1851 3148 protentaque

198 3164 279 3206 tela
301 3164 446 3207 leones.
482 3169 528 3206 Ο.
557 3170 644 3210 586.
673 3167 758 3207 ἄλλ’
788 3164 844 3220 ὅγ’
873 3167 925 3221 οἶῤ
952 3165 1115 3220 ἔτρεσσε
1145 3167 1242 3220 θηρὶ
1269 3168 1387 3207 κακόν
1415 3164 1568 3220 ῥέξαντι
1596 3165 1740 3215 ἐοικώς,
1759 3164 1849 3207 ὅστε
