2086 3470
920 160 1202 205 -56-

246 300 297 342 N.
331 299 426 342 704.
474 298 567 340 ὥστ’
596 301 637 340 ἓν
680 299 768 356 vairp
795 302 863 352 βόε
892 298 1024 340 οἴνοπε
1059 301 1204 352 πηκτὸν
1240 298 1417 353 ἄροτρον,
1445 297 1530 340 ἴσον
1569 301 1702 352 θυμὸν
1726 299 1877 353 ἔχοντε,

251 369 473 410 τιταίνετον.
528 367 659 408 Gravi
691 379 818 420 opere
850 367 1031 420 denique
1074 367 1139 408 vel
1183 366 1311 409 boves
1348 366 1614 419 pessumdari
1655 367 1785 410 habes
1825 379 1878 410 ex

248 436 293 478 P.
325 436 357 478 I.
389 436 429 477 4.
463 436 528 477 11.
571 434 705 477 cernis
744 438 789 476 nt
828 435 873 477 in
903 435 1023 476 daris
1052 459 1109 464 -—
1139 438 1175 477 ct
1204 435 1305 488 qaid
1335 435 1429 477 bove
1446 435 1650 490 firmins?
1678 441 1735 465 '-—
1764 435 1879 478 arvis

236 504 377 558 fortia
406 507 626 544 taurorum
655 517 831 556 corpora
848 503 1033 557 franyat
1063 517 1177 556 opus.
1239 503 1420 545 Vaccaln
1450 508 1703 557 taurumque
1734 515 1879 546 amore

250 572 493 614 coniunctos
516 571 687 613 exhibet
708 572 925 624 Vergilius
947 571 1021 614 ecl.
1045 572 1084 615 8.
1106 573 1174 615 85.
1205 571 1302 613 talis
1333 585 1451 613 amor
1480 570 1710 625 Daphnim,
1741 572 1880 626 qualis

249 655 342 682 cam
359 640 485 694 fessa
515 639 729 681 iuvencam
751 653 830 692 per
860 654 1030 682 nemora
1060 644 1179 693 atque
1209 641 1314 682 altos
1344 641 1582 694 quaerenda
1602 641 1748 683 bociola
1767 641 1879 684 lucos
1932 638 1935 642 ’

241 712 414 762 propter
456 722 589 762 aquae
635 708 773 750 rivam
813 708 941 751 viridi
973 709 1208 762 procumbit
1246 709 1290 750 in
1320 709 1429 760 aloa,
1463 709 1630 762 perdita
1664 723 1735 752 nec
1763 723 1881 753 serae

250 776 433 820 meminit
473 777 660 818 decedere
689 777 809 830 nocti,
843 777 940 819 talis
970 791 1089 819 amor
1118 781 1260 820 teneat.
1294 782 1338 819 et
1369 778 1489 820 Ovid.
1522 782 1611 820 met
1639 778 1755 822 XIII.
1781 779 1878 821 871.

250 845 384 900 surtqit
414 849 449 887 et
478 848 523 886 nt
552 848 702 887 taurus
731 859 854 887 vacca
872 846 1141 900 furibundas
1171 846 1362 898 adempta
1391 849 1502 888 stare
1531 846 1669 900 nequit
1697 846 1882 902 silvaque

250 918 286 957 et
330 913 437 956 notis
480 913 657 955 saltibus
700 917 825 956 errat.
887 914 1066 956 Vaccam
1113 915 1235 956 anxie
1281 914 1458 956 vitulum
1505 919 1754 968 querentem
1798 928 1881 958 nou

252 983 393 1025 inveni
423 982 504 1024 nisi
535 982 648 1024 Fast.
682 982 752 1024 IV.
785 982 881 1025 459.
914 986 958 1023 vat
988 982 1112 1024 vitulo
1143 982 1273 1036 nniyit
1293 996 1373 1024 saa
1394 986 1525 1025 inater
1550 984 1600 1025 ab
1621 984 1741 1026 ubere
1761 987 1881 1037 rapto

251 1056 287 1094 et
316 1051 477 1105 qaaerit
495 1051 639 1105 foetas·
659 1064 740 1103 per
769 1065 914 1093 nemas
944 1065 1060 1093 omne
1089 1065 1200 1093 silos.
1260 1051 1406 1104 Imago
1437 1052 1601 1095 hostiae
1631 1056 1732 1095 ante
1762 1065 1881 1095 aram

253 1119 455 1171 cadentis,
478 1131 530 1160 ex
551 1118 729 1161 Homeri
769 1121 806 1157 Υ.
837 1120 933 1163 403.
970 1122 1020 1161 Φ.
1053 1120 1146 1163 237.
1179 1125 1211 1162 λ.
1240 1121 1321 1162 411
1344 1119 1467 1172 fluxa,
1501 1121 1724 1174 quinquies
1745 1121 1881 1164 locum

253 1189 401 1232 habet:
449 1187 541 1230 Cat.
573 1188 640 1230 64.
675 1188 757 1231 369
797 1202 900 1242 quac
942 1189 1045 1231 celat
1085 1190 1254 1242 (tricipiti
1283 1189 1547 1232 succumbens
1577 1190 1741 1232 victima
1758 1191 1883 1245 ferro

244 1256 435 1311 proiiciet
477 1260 670 1298 truncum
709 1257 931 1299 summisso
967 1258 1123 1310 poplite
1162 1272 1322 1311 corpas.
1383 1258 1509 1311 Verg.
1557 1259 1657 1302 Aen.
1689 1259 1743 1301 II.
1785 1258 1881 1301 222.

254 1326 454 1368 clamores
483 1324 610 1367 simul
639 1325 866 1368 horrendos
888 1327 944 1368 ad
964 1327 1240 1380 sideratollit,
1272 1327 1410 1381 qualis
1430 1326 1623 1381 nzuyitns,
1643 1326 1763 1382 fugit
1791 1341 1885 1369 cam

254 1394 424 1436 saucias
454 1407 576 1435 aram
606 1397 757 1435 tcmrns
786 1398 822 1436 et
851 1395 1049 1437 incertam
1079 1395 1255 1437 exc-assit
1286 1396 1434 1437 cervice
1463 1395 1650 1439 securim.
1685 1396 1760 1437 Ov.
1783 1399 1882 1438 met.

255 1463 308 1505 II.
342 1463 436 1505 622.
469 1466 557 1504 tani
586 1476 681 1507 vero
708 1463 885 1517 yeniitas
915 1464 996 1506 alto
1028 1464 1076 1506 dc
1106 1465 1225 1506 corde
1247 1465 1396 1517 petitos
1426 1464 1575 1506 edidit:
1621 1464 1723 1506 liant
1765 1464 1886 1507 aliter

256 1546 382 1586 qaam
412 1545 504 1573 cnm
534 1535 736 1584 spectante
765 1532 936 1575 iuvenca
966 1533 1153 1576 lactentis
1182 1533 1300 1575 vitali
1329 1534 1477 1575 dextra
1507 1533 1684 1575 libratas
1711 1533 1762 1575 ab
1783 1547 1886 1576 aure

255 1604 440 1653 tempora
469 1600 665 1642 discnssit
695 1601 807 1642 claro
838 1615 939 1651 cava
969 1602 1148 1644 malleus
1177 1602 1270 1643 ictu.
1331 1602 1429 1643 ibid.
1464 1602 1511 1646 V.
1546 1602 1639 1644 122.
1664 1601 1887 1655 procubuit

256 1673 391 1711 terrae
420 1669 588 1710 mactati
617 1682 729 1711 more
759 1669 927 1712 invenci.
960 1670 1061 1712 ibid.
1095 1670 1208 1712 VIII.
1242 1670 1335 1714 762.
1368 1670 1483 1712 liaml
1503 1670 1623 1712 aliter
1640 1670 1772 1723 fluxit
1791 1669 1886 1712 dis-

257 1752 375 1780 cusso
406 1737 549 1780 cortice
593 1738 778 1792 sclnynis,
821 1753 948 1792 qnam
992 1738 1101 1790 solet,
1149 1742 1240 1781 ante
1285 1752 1387 1780 aras
1429 1738 1572 1792 inyens
1615 1738 1686 1780 ubi
1727 1738 1888 1781 victima

257 1811 407 1849 taurus
437 1806 621 1858 concidit,
654 1807 833 1860 abrupta
858 1820 982 1848 cruor
1003 1822 1022 1849 e
1043 1807 1191 1849 cervice
1212 1807 1432 1861 profundi.
1464 1807 1548 1849 Lac
1579 1820 1743 1861 quoque
1774 1807 1887 1861 apud

259 1879 408 1930 poetas
469 1876 511 1917 in
570 1876 956 1928 comparationibus
1003 1880 1080 1919 est.
1156 1875 1418 1929 Quamquam
1464 1876 1728 1919 dulcedinem
1765 1876 1887 1919 lactis

259 1957 340 1987 non
371 1944 562 1986 laudavit
592 1943 856 1994 Theocritus,
890 1944 1002 1997 apud
1033 1957 1156 1997 quem
1189 1945 1255 1987 20.
1288 1945 1355 1987 26.
1395 1949 1439 1987 τὸ
1480 1947 1610 1998 στόμα
1636 1947 1700 1987 καὶ
1737 1950 1888 1996 nam-(Tu,-

259 2015 545 2068 γλυκερώτερον
574 2012 666 2054 inre
696 2013 879 2054 mutavit
910 2013 1191 2065 Hermannus,
1239 2013 1307 2066 qui
1350 2017 1631 2068 μαλακώτερον
1658 2014 1775 2066 legit,
1821 2025 1888 2056 re-

259 2081 455 2134 spiciens,
501 2081 544 2122 ni
589 2079 726 2132 fallor,
775 2080 850 2123 Ov.
892 2084 991 2122 met.
1039 2081 1152 2124 XIII.
1200 2082 1294 2124 796.
1353 2081 1518 2123 mollior
1546 2085 1583 2123 et
1611 2081 1713 2124 lacte
1741 2085 1887 2124 coacto.

259 2149 413 2192 Album
444 2149 566 2191 lactis
597 2149 781 2191 colorem
810 2173 866 2177 —
885 2153 1045 2204 γάλακτι
1073 2152 1108 2191 δ’
1124 2149 1273 2191 εἴκελον
1299 2149 1425 2200 ἄνθος
1451 2167 1484 2191 κ.
1512 2149 1597 2192 304
1616 2173 1672 2179 -
1693 2154 1889 2204 spectant

260 2218 352 2261 Cat.
385 2218 452 2261 55.
487 2219 552 2261 17.
583 2232 684 2260 num
714 2222 750 2260 te
794 2219 984 2261 lacteolae
1014 2222 1147 2260 tenent
1179 2218 1347 2271 paellae
1377 2222 1421 2260 et
1452 2218 1528 2260 Ov.
1560 2231 1641 2260 am.
1665 2219 1739 2261 III.
1761 2219 1800 2262 5.
1821 2219 1886 2262 13.

261 2286 489 2338 candidior,
529 2287 638 2339 quod
676 2287 811 2328 adhuc
840 2286 1000 2339 spumis
1029 2286 1295 2328 stridentibus
1312 2287 1430 2331 albet
1466 2290 1503 2328 et
1531 2287 1651 2328 modo
1680 2286 1888 2339 siccatam,

261 2356 372 2406 lacte,
412 2354 608 2407 relinquit
638 2369 762 2397 ovem.
823 2355 913 2397 her.
958 2355 1023 2397 15.
1065 2355 1160 2397 249.
1213 2358 1382 2408 pectora
1411 2355 1473 2396 vel
1501 2355 1602 2397 lacte
1631 2355 1889 2397 candidiora.

263 2423 537 2476 Segreganda
569 2423 620 2465 ab
652 2423 718 2466 his
747 2435 798 2465 ea
827 2424 967 2476 imago
1009 2428 1087 2474 est,
1128 2436 1252 2477 quam
1293 2422 1458 2475 profert
1497 2435 1548 2464 ex
1588 2422 1633 2467 P.
1665 2423 1717 2467 ΙΙ.
1749 2424 1789 2467 5.
1820 2424 1888 2468 37.

261 2506 343 2533 non
373 2505 442 2546 690
473 2492 723 2543 laudandas,
754 2492 827 2534 sed
855 2495 951 2533 sant
980 2495 1053 2533 tna
1073 2495 1244 2544 pectora
1274 2491 1375 2533 lacte
1403 2491 1660 2543 candidiora,
1691 2490 1763 2534 ubi
1793 2504 1890 2545 pec-

264 2564 360 2603 tora
392 2561 570 2602 candida
601 2561 652 2602 de
682 2561 929 2603 sinceritate
961 2561 1103 2603 Salani
1134 2560 1246 2602 dicta
1278 2559 1453 2614 suntssss)

400 2628 513 2670 Oves
543 2632 717 2681 praeter
748 2641 832 2680 eas,
865 2641 971 2682 quas
1001 2641 1131 2682 supra
1161 2628 1299 2679 attuli,
1332 2628 1671 2680 comparationes
1696 2640 1777 2670 non
1810 2628 1890 2671 nisi

263 2710 289 2739 a
320 2697 545 2738 Theocrito
578 2701 982 2739 commemorantur:
1028 2703 1086 2742 12.
1124 2703 1159 2742 4,
1201 2696 1320 2738 ὅσω-ον
1357 2696 1411 2746 ὄις
1447 2696 1640 2751 σφετέρας
1673 2699 1892 2750 λασιωτέρα

264 2769 390 2819 α’ρνός.
434 2771 492 2810 18.
533 2771 595 2810 41.
638 2769 760 2807 πολλὰ
788 2771 909 2815 τεοῦς,
949 2767 1094 2815 Ἑλένα,
1134 2765 1397 2818 μεμναμέναι,
1439 2766 1491 2814 ὥς
1517 2767 1743 2819 γαλαθηναὶ
1777 2764 1891 2818 ἄρνες

265 2835 495 2888 γειναμένοις
522 2833 602 2884 υἵος
627 2837 782 2887 μαστὸν
802 2833 1017 2875 ποθέοισαι.
1038 2841 1096 2878 10.
1111 2841 1146 2878 4.
1161 2836 1245 2874 ἀλλ’
1265 2833 1469 2889 οἷπυλείπῃ,
1488 2832 1621 2886 ὥσπερ
1640 2831 1694 2882 ὄις
1714 2833 1891 2886 ποίμνας,

400 2935 444 2979 ⁶⁶)
470 2934 565 2969 Casu
591 2935 700 2969 modo
726 2934 865 2969 nullam
890 2934 1000 2969 huius
1026 2934 1125 2969 modi
1150 2946 1168 2968 e
1195 2934 1418 2969 Graecorum
1452 2932 1676 2967 carminibus
1701 2943 1889 2978 compara-

264 2991 403 3026 tionem
428 2994 611 3026 servatam
636 3003 724 3034 esse,
749 2991 924 3034 frequens
948 2991 1058 3025 huius
1082 2991 1252 3036 imaginis
1276 2990 1373 3035 apud
1399 2992 1597 3034 scriptores
1620 2989 1778 3024 eroticos
1802 3000 1892 3024 usus

266 3048 382 3091 docet,
409 3059 632 3092 quamquam
657 3059 678 3083 a
702 3048 837 3083 talibus
861 3048 1041 3087 inficefiis,
1068 3047 1214 3090 qualem
1239 3047 1350 3082 habes
1374 3047 1463 3081 Ach.
1481 3047 1557 3082 Tat.
1582 3047 1613 3081 5.
1634 3046 1686 3081 13.
1706 3047 1735 3080 1.
1761 3046 1892 3089 γάλακτι

263 3106 326 3148 μὲν
350 3104 390 3137 ἂν
415 3105 501 3144 dmg
525 3106 624 3147 αὐτῆς
648 3105 687 3137 τό
712 3117 886 3150 προσωπον
910 3107 1082 3150 κεχρῖσθαι
1108 3106 1247 3141 veteres
1273 3106 1370 3141 certe
1394 3103 1666 3141 abhorruerunt
1687 3104 1829 3148 poetae.
