2086 3470
923 168 1208 212 -68-

245 306 419 350 Graecis
448 306 614 359 petivit,
648 305 690 347 in
712 304 764 348 iis
785 303 1015 358 seligendis
1037 304 1192 346 eruditi
1214 307 1360 354 gustus
1382 307 1552 358 poetam
1577 317 1622 347 se
1642 304 1875 358 praestitit,

244 387 392 428 neque,
416 387 521 428 quas
543 386 566 415 e
583 374 792 416 communi
815 384 1009 415 sermone
1032 372 1189 415 electas
1206 371 1462 415 carminibus
1479 372 1673 425 intexuit,
1691 372 1883 426 neglexit

246 443 321 485 sed
352 443 457 485 scite
488 442 682 484 excoluit.
743 441 963 492 Horatius,
995 441 1114 482 cuius
1154 453 1237 483 non
1278 441 1359 483 nisi
1401 441 1588 483 carmina
1617 440 1880 495 respicimus,

245 524 329 554 non
370 511 432 552 ita
471 509 628 552 multas
668 510 760 563 ipse
800 509 963 551 invenit
1002 509 1220 561 imagines,
1263 509 1338 551 sed
1379 509 1698 562 pulcherrimas,
1729 508 1882 563 quibus

246 578 399 622 Graeci
429 581 582 632 poetae
613 578 800 620 carmina
822 581 1036 630 ornarent,
1069 578 1186 629 scite,
1219 581 1268 619 ut
1289 581 1383 620 erat
1404 578 1494 620 eius
1514 577 1744 630 ingenium,
1775 570 1878 621 deli-v

245 646 378 689 bavit.
440 645 748 688 Similitudines
790 658 812 687 e
842 645 1011 698 vulgari
1053 657 1247 687 sermone
1287 645 1577 698 depromptae,
1621 645 1722 688 licet
1751 646 1882 700 aptis-

246 716 380 757 simae
410 714 571 757 fuerint
600 714 677 766 rei,
711 714 761 756 de
794 726 877 767 qua
907 717 1123 767 ageretur,
1166 714 1305 756 locum
1347 714 1416 756 vix
1454 714 1612 756 habere
1651 718 1884 768 potuerunt

248 784 293 825 in
327 783 418 826 odis
449 783 587 835 elatis,
611 783 654 824 in
685 783 830 825 satiris
853 783 1129 836 epistolisque
1150 782 1282 825 multo
1303 783 1507 824 maiorem
1528 795 1672 825 earum
1693 783 1884 827 invenias

242 863 477 894 numerum.
538 850 684 904 Neque
729 849 989 902 mirabimur,
1035 851 1147 892 inter
1191 854 1256 893 tot
1301 851 1638 904 comparationes
1687 851 1880 895 Maronis

247 923 336 962 tam
367 919 567 972 exiguum
597 931 690 961 esse
720 931 942 961 numerum
973 931 1132 970 earum,
1170 931 1276 972 quas
1307 919 1398 972 ipse
1428 917 1611 971 finxerit,
1653 931 1747 962 cum
1777 919 1884 963 Ver-

249 988 376 1041 gilius
406 1012 462 1016 -—
493 990 536 1029 et
566 988 610 1029 in
640 987 718 1029 hac
748 999 795 1029 re
826 988 1112 1030 Romanorum
1142 991 1367 1040 poetarum
1409 988 1625 1041 exemplar
1654 1013 1711 1019 —
1739 1001 1884 1032 versus

236 1057 456 1110 flammeos
485 1055 730 1098 mortalibus
759 1069 842 1098 nou
871 1056 1110 1098 medullitus
1138 1056 1342 1108 propinet,
1384 1056 1457 1098 sed
1497 1069 1548 1098 ex
1579 1057 1759 1099 aliorum
1791 1058 1884 1100 uvis

249 1126 394 1168 vinum
424 1137 547 1167 suum
578 1137 732 1177 magno
763 1124 909 1167 labore
930 1125 1126 1168 torculet.
1170 1124 1370 1167 Ceterum
1391 1124 1460 1166 hic
1479 1128 1607 1178 poeta
1627 1137 1680 1168 ne
1701 1124 1883 1168 formam

249 1194 418 1247 quidem
461 1193 786 1235 similitudinum
824 1193 1036 1236 industria
1074 1193 1252 1244 curavit,
1293 1193 1367 1235 sed
1404 1217 1461 1222 —
1502 1206 1583 1247 quo
1625 1194 1801 1248 propius
1830 1195 1885 1238 ad

251 1261 428 1305 Homeri
468 1261 658 1303 carmina
697 1262 919 1303 accederet
950 1285 1002 1290 —
1034 1262 1202 1314 saepius
1234 1261 1383 1303 iisdem
1413 1260 1504 1303 fere
1535 1262 1675 1304 verbis
1707 1263 1885 1306 eandem

249 1330 477 1383 imaginem
508 1330 665 1371 iterum
696 1329 874 1374 induxit.
935 1329 992 1371 Et
1022 1330 1106 1372 iam
1137 1341 1186 1371 eo
1217 1330 1500 1382 pervenimus,
1547 1334 1594 1372 ut
1635 1331 1687 1373 de
1717 1331 1883 1375 Tibullo

250 1398 450 1450 dicamus,
483 1410 564 1450 quo
597 1397 669 1451 qui
699 1397 861 1439 dulcius
893 1400 1022 1450 atque
1052 1397 1219 1440 mollius
1242 1397 1412 1439 delicias
1434 1398 1705 1449 rusticorum,
1737 1411 1885 1442 aman-

250 1467 358 1509 tium
403 1466 571 1508 dolores
617 1466 831 1518 cecinerit,
879 1466 947 1508 vix
993 1466 1216 1519 quisquam
1261 1466 1518 1510 inveniatur.
1596 1467 1678 1510 Sed
1727 1468 1783 1511 in*
1819 1468 1886 1512 his

253 1534 545 1578 describendis
575 1535 711 1577 omnis
740 1535 908 1587 poetica
938 1535 1002 1577 vis
1033 1538 1161 1588 atque
1191 1535 1329 1577 virtus
1360 1535 1516 1577 Tibulli
1546 1535 1608 1578 ita
1639 1537 1780 1589 posita
1809 1540 1885 1590 est,

254 1607 303 1646 ut
333 1616 416 1646 non
447 1603 584 1646 solum
615 1603 651 1645 si
681 1603 771 1645 alia
796 1607 1049 1656 argumenta
1079 1604 1118 1645 ei
1149 1603 1374 1646 tractanda
1405 1607 1516 1654 sunt,
1559 1604 1613 1646 ad
1644 1617 1716 1647 eas
1745 1605 1887 1649 redire

253 1672 425 1715 studeat
465 1670 534 1724 (cf.
567 1670 600 1713 I.
634 1672 671 1715 7.
703 1671 757 1712 II.
790 1670 849 1726 5.)
892 1672 966 1714 sed
1006 1671 1136 1714 etiam
1176 1672 1431 1725 imaginibus
1472 1672 1644 1715 aliunde
1687 1674 1887 1727 repetitis

254 1741 415 1794 aliquid
457 1740 555 1782 novi
595 1740 785 1782 inserere
827 1740 1085 1782 carminibus
1125 1741 1211 1782 suis
1253 1753 1336 1782 non
1367 1741 1513 1793 possit.
1573 1740 1678 1793 Imo,
1710 1742 1746 1784 si
1776 1754 1887 1785 com·

238 1809 499 1863 >parationes
520 1808 809 1862 paucissimas,
833 1821 937 1862 quas
959 1808 1099 1861 habet,
1124 1809 1371 1861 diligentius
1407 1812 1661 1862 spectamus,
1682 1810 1887 1862 videmus,

253 1877 421 1920 omnino
463 1875 720 1919 carminibus
762 1877 918 1919 Tibulli
963 1877 1130 1919 venusti
1176 1877 1279 1919 nihil
1324 1876 1583 1929 defuturum,
1631 1878 1667 1920 si
1715 1879 1888 1922 omittas

254 1946 472 1998 imagines,
521 1957 629 1998 quae
660 1948 734 1987 aut
765 1945 1102 1998 simplicissimae
1133 1949 1232 1988 sunt
1264 1949 1306 1988 et
1337 1958 1360 1987 e
1390 1946 1558 1998 vulgari
1589 1958 1784 1989 sermone
1815 1947 1886 1990 de-

253 2016 491 2067 promptae,
535 2016 609 2054 aut
648 2013 774 2066 plane
817 2026 939 2056 secus
978 2014 1223 2056 ceciderunt
1265 2013 1354 2069 (IV.
1387 2014 1425 2056 2.
1460 2013 1544 2070 13.)
1608 2013 1726 2065 Quod
1769 2015 1805 2058 si
1835 2015 1889 2058 ad

254 2081 527 2134 Propertium
566 2081 879 2134 progredimur,
930 2085 974 2124 et
1023 2082 1163 2135 ipsum
1212 2077 1324 2124 haud
1373 2082 1636 2125 uberrimum
1685 2083 1728 2124 in
1777 2095 1889 2126 com-

256 2150 562 2204 parationibus,
615 2149 741 2202 longe
791 2150 918 2192 aliter
966 2162 1038 2192 res
1088 2163 1133 2192 se
1182 2150 1323 2193 habet.
1403 2150 1511 2192 Nam
1561 2163 1640 2204 pro
1690 2152 1888 2194 universo

256 2219 620 2272 comparationum
665 2231 838 2261 suarum
883 2231 1059 2261 numero
1100 2219 1203 2261 satis
1245 2219 1401 2261 multas
1446 2219 1536 2272 ipse
1567 2219 1649 2262 sibi
1680 2219 1801 2262 finxit
1831 2224 1886 2274 et,

255 2301 359 2342 quas
399 2300 451 2330 ex
491 2287 671 2329 aliorum
710 2288 869 2330 divitiis
914 2287 1160 2341 depromsit,
1208 2288 1427 2340 eleganter
1471 2291 1664 2331 mutavit.
1737 2289 1890 2343 Neque

256 2357 369 2410 apud
400 2368 496 2398 eum
526 2356 682 2398 multas
714 2356 927 2409 simplices
958 2357 1165 2409 imagines
1195 2357 1398 2408 invenias,
1436 2369 1571 2410 neque
1614 2370 1722 2411 quae
1750 2358 1889 2411 primo

258 2426 406 2468 statim
452 2428 629 2478 aspectu
673 2425 842 2477 placere
887 2425 1062 2478 possint.
1128 2425 1299 2467 Etenim
1343 2428 1391 2467 ut
1435 2425 1477 2466 in
1522 2428 1611 2467 tota
1654 2426 1782 2479 poesi,
1829 2426 1891 2468 ita

259 2495 391 2536 etiam
436 2494 478 2535 in
522 2493 601 2535 hac
647 2494 854 2547 singulari
899 2497 1021 2546 parte
1071 2494 1333 2546 Propertius,
1381 2494 1452 2547 qui
1498 2493 1623 2536 sicuti
1666 2517 1722 2523 —
1765 2507 1890 2548 quem

256 2563 449 2605 imitatus
515 2565 582 2604 est
640 2586 696 2591 —
756 2561 1052 2613 Callimachus,
1107 2563 1295 2616 σικχαίνει
1322 2565 1453 2603 πάντα
1479 2565 1530 2603 τά
1566 2563 1748 2617 δημόσια,
1781 2562 1891 2616 ἱ11181

257 2630 488 2674 lectoribus
529 2629 683 2672 offerre
723 2630 899 2682 studuit,
942 2633 986 2672 at
1017 2630 1100 2672 mel
1133 2631 1443 2674 subausterum.
1505 2629 1694 2683 Ovidius,
1726 2634 1774 2673 ut
1803 2631 1890 2673 tale

261 2699 362 2752 quid
378 2701 596 2751 spectaret
618 2710 794 2751 eamque
816 2698 868 2740 ob
890 2711 1060 2741 causam
1080 2710 1179 2740 raro
1202 2698 1415 2751 quaesitas
1432 2698 1635 2751 imagines
1656 2698 1889 2750 adhiberet,

259 2769 427 2809 tantum
471 2766 635 2817 aberat,
674 2770 722 2808 ut
763 2767 832 2808 vix
872 2765 954 2809 sibi
994 2767 1076 2819 ipsi
1115 2766 1362 2809 satisfacere
1397 2767 1587 2819 potuisse
1618 2767 1817 2809 videatur
1846 2767 1890 2809 in

258 2834 515 2888 imaginibus
560 2846 729 2887 semper
766 2835 902 2876 denuo
932 2834 1211 2888 proferendis.
1274 2834 1413 2884 Quare
1463 2838 1506 2876 et
1550 2835 1640 2887 ipse
1684 2835 1891 2887 imagines

259 2902 381 2944 finxit
412 2905 456 2944 et
486 2915 537 2944 ex
559 2902 739 2944 aliorum
763 2903 1031 2955 carminibus,
1055 2915 1077 2944 e
1098 2902 1443 2955 philosophorum
1465 2903 1656 2955 dialogis,
1681 2915 1703 2945 e
1723 2903 1891 2955 vulgari

259 2983 453 3014 sermone
485 2971 761 3023 deprompsit,
792 2974 840 3013 ut
870 2971 1089 3024 ingenium
1120 2974 1164 3013 et
1185 2972 1389 3013 memoria
1419 2983 1515 3013 eum
1536 2971 1757 3013 duxerunt.
1800 2971 1890 3013 Nec

259 3039 395 3081 solum
425 3038 696 3081 multitudine
728 3039 1104 3092 comparationum,
1139 3051 1286 3080 verum
1328 3039 1458 3081 etium
1496 3039 1707 3081 varietate
1747 3038 1890 3080 multi-

259 3107 362 3164 plici
383 3107 628 3161 formarum,
663 3108 813 3162 quibus
835 3108 1044 3162 imagines
1064 3107 1242 3161 profert,
1268 3107 1517 3151 suavissime
1539 3107 1700 3150 animos
1721 3110 1889 3151 nostros
