2086 3470
934 174 1219 217 -60—

262 309 326 353 15.
372 310 480 351 lenta
527 310 640 351 salix
683 314 885 363 quantum
922 311 1102 363 pallenti
1156 310 1261 352 cedit
1304 311 1434 353 olivae
1475 314 1518 351 et
1564 310 1668 352 Aen.
1700 310 1775 353 III.
1809 311 1892 354 679

260 378 480 420 concilium
509 378 771 430 horrendum,
806 379 950 431 quales
980 392 1072 420 cum
1106 379 1249 420 vertice
1289 379 1394 420 celso
1435 379 1575 420 a'c'riae
1616 393 1791 432 quercus
1821 383 1895 422 aut

260 446 467 500 coniferae
506 446 715 500 cyparissi
755 447 1023 488 constiterunt
1061 447 1168 488 siloa
1198 447 1287 488 alta
1314 447 1437 489 Jovis
1476 447 1671 500 lucusque
1710 446 1890 500 Dianae,

259 512 358 555 ibid.
382 514 452 555 IX.
477 515 572 556 679.
596 514 735 567 qualis
755 515 895 556 aeriae
926 515 1126 568 liquentia
1151 515 1330 567 flamina
1351 515 1507 556 circum
1526 529 1611 556 sive
1631 514 1745 557 Padi
1771 515 1891 569 ripis,

259 581 450 624 Atlicsim
479 596 552 624 seu
573 586 750 635 propter
780 597 996 625 amoenum
1036 586 1290 637 consurqunt
1321 582 1507 637 qeminae
1546 596 1720 636 quercus
1757 584 1893 626 inton-

258 665 386 704 saque
416 651 525 693 caelo
557 651 750 693 attollunt
779 652 919 705 capita
948 655 985 693 et
1013 651 1184 693 sublimi
1222 652 1368 694 vertice
1397 654 1557 703 nutant,
1598 652 1669 704 qui
1701 651 1782 694 duo
1813 651 1892 694 loci
1929 658 1930 661 ’

260 719 312 760 ud
343 719 406 761 M.
442 718 534 762 132'
553 719 725 761 formati
758 724 867 762 sunt.
889 720 940 774 69)
1002 719 1210 762 Arborem
1241 720 1430 773 pulcram
1467 720 1702 762 invenimus
1734 719 1890 773 Sapph.

262 788 355 831 104.
397 788 465 846 τίῳ
495 794 529 829 o·5
559 785 590 829 (ἇῖ
618 789 706 843 qliae
734 792 889 843 γάμβρε
916 792 1044 838 κάλως
1070 789 1274 846 &staffilum
1308 788 1442 841 ὄρπακι
1471 789 1644 846 βραδίνῳ
1673 804 1717 830 σε
1744 791 1892 830 κάλιστ’

259 857 440 897 εῗὶκάσδω.
489 855 581 901 Cat.
613 856 680 898 61.
714 857 780 898 21.
817 857 986 909 floridis
1026 857 1134 898 vetut
1173 858 1328 898 enitens
1358 856 1531 910 Ilffyrtus
1559 856 1671 899 Asia
1700 857 1891 910 ramulis,

258 938 360 978 quos
379 924 708 979 Hamadryades
729 925 828 967 deae
850 925 1058 967 ludicram
1079 925 1160 966 sibi
1180 924 1320 967 rosido
1342 926 1535 967 nutriunt
1553 938 1706 967 umore.
1737 924 1804 968 64.
1823 925 1890 967 89.

259 993 402 1046 quales
429 992 617 1035 Eurotae
638 994 899 1048 proqiqnunt
924 994 1104 1046 flumina
1134 997 1296 1047 myrtus
1327 1007 1483 1035 aurave
1514 993 1730 1036 distinctos
1759 993 1895 1036 educit

262 1074 385 1102 verna
415 1061 581 1104 colores.
643 1062 718 1104 Ov.
752 1066 850 1104 met.
882 1062 997 1103 XIII.
1027 1062 1110 1104 790
1141 1061 1265 1116 lonqa
1286 1062 1506 1115 procerior
1536 1061 1644 1104 alno.
1677 1061 1777 1106 ibid.
1809 1062 1893 1105 794

260 1129 439 1171 nobilior
466 1132 606 1185 forma
639 1134 676 1172 ct
706 1131 884 1183 platano
927 1131 1180 1183 conspectior
1219 1130 1315 1172 alto.
1377 1130 1568 1172 Durities
1607 1131 1723 1183 ligni,
1765 1143 1891 1184 quam

259 1199 506 1250 saepissime
556 1203 707 1252 poetae
758 1200 892 1241 nostri
944 1199 985 1240 in
1038 1198 1384 1241 similitudinibus
1406 1229 1409 1233 -
1434 1198 1603 1251 habeut,
1654 1198 1719 1241 bis
1769 1198 1892 1242 modo

258 1266 459 1310 laudatur
490 1268 591 1309 Hor.
626 1280 658 1309 e.
691 1268 761 1310 IV.
794 1269 832 1309 4.
866 1268 932 1309 57.
973 1267 1094 1309 duris
1125 1271 1170 1309 ut
1199 1267 1281 1309 ilec
1323 1270 1443 1309 tonsa
1474 1267 1718 1320 bipennibus
1746 1268 1893 1323 niyrac

256 1335 412 1389 s'eracis
439 1337 606 1390 frondis
639 1338 682 1378 in
703 1336 871 1391 Alyido,
896 1350 977 1389 per
1007 1335 1163 1378 damna
1185 1349 1267 1389 per
1297 1335 1439 1377 caedes
1460 1335 1510 1377 ab
1544 1336 1633 1389 ipso
1655 1335 1769 1378 ducit
1791 1349 1893 1390 opes

259 1404 523 1458 (miniumque
550 1405 673 1459 ferro.
741 1405 816 1446 OV.
850 1409 948 1447 met.
983 1405 1095 1448 XIII.
1137 1405 1231 1447 799.
1265 1405 1411 1446 durior
1452 1417 1613 1447 annosa
1652 1417 1816 1458 quercu.
1848 1405 1891 1447 in

259 1472 532 1525 opprobrium
564 1477 706 1515 autem
740 1474 922 1516 vertitur
955 1486 979 1515 a.
1010 1473 1176 1515 Catullo
1210 1474 1272 1515 17.
1309 1474 1372 1515 18.
1408 1473 1515 1515 velut
1546 1473 1670 1515 alnus
1700 1474 1746 1515 in
1773 1474 1891 1528 fossa

257 1541 412 1595 Liquri
440 1543 546 1584 iacet
574 1546 832 1595 suppernata
861 1543 998 1584 securi
1038 1542 1279 1584 tantundem
1310 1542 1448 1583 omnia
1477 1542 1666 1593 sentiens,
1699 1555 1824 1595 quam
1853 1542 1893 1584 si

258 1610 376 1652 ‹ii-ulla
405 1611 462 1652 sit
490 1625 680 1664 usquam.
741 1611 897 1664 Virgas
927 1612 992 1653 vel
1025 1611 1197 1653 minime
1219 1623 1348 1652 aume
1378 1610 1481 1652 flatu
1503 1610 1663 1652 moveri
1695 1614 1737 1652 et
1766 1609 1890 1653 facile

258 1678 383 1730 flecti,
416 1691 497 1721 uon
530 1680 718 1732 neglexit
745 1681 922 1722 Ovidius
951 1680 1039 1724 her.
1075 1680 1139 1723 11.
1164 1680 1228 1722 76.
1262 1683 1308 1721 ut
1337 1680 1523 1733 quatitur
1553 1678 1687 1732 tepido
1714 1679 1892 1734 fraccina

261 1748 379 1802 oirqa
408 1751 502 1790 noto
534 1761 570 1790 a.
604 1761 683 1790 am.
716 1749 769 1790 II.
801 1749 897 1793 496.
945 1748 1045 1790 dum
1074 1762 1204 1791 novus
1248 1749 1292 1790 in
1337 1748 1467 1790 viridi
1512 1747 1702 1790 coalescit
1745 1748 1892 1790 cortice

257 1830 416 1869 ramus,
449 1818 655 1859 concutiat
685 1821 867 1860 tenerum
911 1817 1092 1871 qualibet
1123 1831 1243 1868 aura,
1291 1816 1414 1858 cadit.
1462 1816 1549 1858 ibid
1580 1816 1674 1860 179.
1711 1816 1891 1869 flectitur

258 1884 450 1938 obsequio
482 1889 679 1928 curvatus
709 1885 761 1927 ab
783 1886 930 1928 arbore
959 1900 1116 1938 ramus,
1137 1886 1317 1940 franqis,
1339 1887 1379 1927 si
1407 1886 1516 1927 vires
1545 1885 1753 1938 experiere
1782 1888 1888 1927 tuas.

259 1957 357 1995 met.
381 1954 473 1996 XII.
497 1955 592 1997 800.
627 1956 775 1997 lentior
806 1958 843 1996 ct
871 1955 1016 1997 salicis
1047 1955 1177 2008 virqis
1208 1958 1245 1995 et
1273 1954 1427 1996 vitibus
1457 1953 1577 1994 albis.
1638 1952 1890 2006 Coalescuut

258 2022 387 2064 etiam
419 2023 538 2074 rami,
572 2026 619 2064 ut
650 2026 715 2064 est
747 2026 844 2065 met.
878 2022 948 2064 IV.
981 2022 1077 2072 375,
1123 2022 1232 2064 velut
1274 2023 1313 2064 si
1358 2022 1451 2075 quis
1497 2021 1700 2063 conducat
1743 2022 1890 2064 cortice

257 2105 399 2133 ramos
444 2091 659 2134 crescendo
709 2092 827 2146 iunyi
866 2092 1107 2144 pariterque
1151 2090 1378 2132 adolescere
1423 2090 1562 2132 cernit.
1631 2089 1714 2132 Sed
1758 2090 1888 2132 etiam

259 2159 400 2212 arbor,
432 2159 534 2202 lieet
564 2160 670 2202 dura
701 2161 757 2202 sit
786 2164 829 2202 et
859 2159 1002 2201 firmos
1024 2159 1189 2201 radices
1210 2159 1364 2200 habeat
1384 2182 1439 2186 —
1461 2158 1561 2200 Hor.
1586 2158 1706 2210 epod.
1731 2158 1795 2200 12.
1819 2158 1887 2201 20.

258 2229 378 2270 cuius
407 2229 453 2270 in
482 2228 683 2271 indomito
721 2229 974 2270 constantior
1013 2229 1182 2282 inquine
1210 2241 1373 2278 nervus,
1414 2240 1540 2280 quam
1579 2240 1688 2268 nova
1717 2226 1890 2269 collibus

259 2297 386 2339 arbor
418 2297 601 2339 inhaeret
628 2322 684 2326 -—
715 2298 749 2339 si
787 2297 999 2350 procellae
1039 2309 1130 2338 eam
1176 2295 1496 2348 aggrediuntur,
1538 2294 1661 2336 dubie
1702 2294 1887 2347 primum

258 2368 404 2407 nutat:
445 2365 573 2418 Verg.
606 2365 709 2407 Aen.
752 2366 804 2407 II.
847 2364 1055 2421 626.'IV.
1094 2365 1190 2408 441.
1212 2363 1263 2417 ⁷⁰)
1325 2363 1401 2405 Ov.
1444 2365 1543 2406 met.
1584 2363 1635 2404 X.
1667 2362 1764 2405 372.
1797 2366 1887 2404 tum

258 2446 359 2475 vero
392 2433 522 2475 cadit:
555 2433 657 2477 Hor.
690 2433 761 2475 IV.
795 2433 834 2477 6.
869 2433 907 2475 9.
940 2432 1010 2475 ille
1039 2432 1228 2474 mordaci
1257 2432 1366 2474 velut
1394 2432 1476 2473 icta
1503 2431 1618 2485 ferro
1651 2431 1786 2484 pinus
1815 2434 1890 2473 aut

258 2503 440 2556 impulsa
468 2516 689 2555 cupressus
717 2502 849 2544 Euro.
894 2502 929 2543 V
933 2514 1020 2554 erg.
1054 2502 1156 2543 Aen.
1189 2501 1237 2543 V.
1270 2500 1366 2541 448.
1398 2499 1575 2542 concidit
1602 2503 1649 2541 ut
1677 2499 1887 2552 quondam

257 2585 360 2612 cava
389 2571 565 2612 concidit
608 2574 682 2612 aut
709 2570 971 2624 Erymantho
1015 2573 1089 2611 aut
1117 2569 1201 2611 Ida
1241 2570 1287 2610 in
1315 2582 1470 2622 magma
1513 2567 1727 2609 radicibus
1770 2570 1889 2609 eruta

249 2639 405 2692 pinus.-
450 2642 638 2680 ceterum
675 2639 828 2680 mirum
868 2638 971 2680 mihi
1013 2638 1182 2679 videtur
1212 2636 1277 2679 bis
1317 2637 1438 2678 modo
1479 2636 1590 2689 apud
1632 2639 1794 2688 poetas,
1835 2635 1887 2685 de

257 2708 407 2760 quibus
438 2707 504 2748 hic
534 2708 691 2759 agitur,
723 2707 1039 2748 similitudinem
1070 2706 1262 2756 inveniri,
1307 2718 1431 2758 quam
1463 2705 1709 2757 saepissime
1753 2703 1885 2746 habes

257 2776 369 2829 apud
401 2775 656 2817 Hmnerum:
705 2780 759 2817 A.
795 2783 881 2820 482.
919 2778 963 2815 E.
992 2782 1078 2820 559.
1115 2779 1160 2814 N.
1190 2780 1274 2818 178.
1304 2781 1388 2818 398.
1418 2770 1466 2817 Ξ.
1494 2779 1581 2817 414.
1611 2776 1663 2813 11.
1692 2778 1778 2817 482.
1808 2777 1885 2816 633

260 2848 303 2886 Ι).
331 2852 391 2889 53.
420 2847 467 2885 Σ.
496 2850 556 2889 56.
576 2852 663 2889 437.
723 2844 880 2885 Lucem
911 2844 1126 2894 incertam,
1160 2854 1268 2895 quae
1308 2841 1350 2882 in
1390 2840 1508 2883 silvis
1547 2853 1637 2882 esse
1669 2839 1788 2890 solet,
1819 2838 1884 2881 bis

395 3010 440 3054 69)
465 3010 546 3044 lsai.
572 3011 604 3045 6.
636 3010 687 3044 13.
715 3012 751 3044 et
776 3009 845 3043 erit
861 3009 898 3043 in
915 3009 1160 3043 ostensionem
1178 3008 1273 3042 sicut
1289 3006 1519 3042 terebinthus
1537 3007 1572 3040 et
1598 3005 1694 3040 sicut
1718 3015 1885 3050 quercus.

259 3079 351 3111 quae
377 3066 552 3112 expandit
576 3078 697 3101 ramos
722 3078 807 3100 suos

396 3123 437 3170 ⁷⁰)
463 3124 507 3159 cf.
534 3124 661 3169 Georg.
687 3124 721 3158 II
746 3124 822 3162 291.
