2086 3470
880 166 1169 213 „41-

457 308 665 361 puniceas
699 310 824 349 vestes
854 307 1050 361 elusaque
1083 306 1256 349 mclnera
1285 307 1410 348 sentit

199 381 245 420 et
273 380 391 432 quae'
414 377 678 431 gladiatores
708 380 751 418 et
784 376 1018 419 luctatores
1049 379 1246 429 spectant

200 445 312 490 trist.
345 445 418 489 IV.
450 445 491 497 6,
523 445 576 488 31
605 445 761 500 fortior
791 445 837 487 in
863 445 986 500 fulva
1017 458 1148 488 novus
1179 447 1216 487 ct
1245 445 1423 487 luctator
1454 458 1597 496 arena,

463 528 591 569 quam
620 515 689 557 cui
717 517 819 557 sunt
847 513 974 557 tarda
1003 513 1179 556 brachia
1206 515 1323 569 fessa
1352 527 1474 556 mora

465 585 620 639 inteyer
650 587 711 626 est
739 583 886 626 melior
915 583 1065 626 nitidis
1091 583 1309 638 ylacliator
1338 584 1383 625 in
1414 584 1560 635 armis,

465 666 592 708 quam
622 654 690 695 cui
721 653 802 696 tela
831 667 909 696 suo
938 653 1143 708 sanyuine
1173 653 1304 695 tincta
1334 652 1513 695 madent.

205 735 288 768 am.
320 722 374 765 ΙΙ.
406 723 445 775 9,
471 722 533 765 -29
564 725 733 777 tutaque
762 721 948 776 deposito
970 722 1165 776 poscitur
1194 736 1288 765 ense
1318 721 1452 764 rudis.

339 791 433 836 Res
462 791 706 835 militaris.
767 792 804 833 A
826 790 1142 845 gladiatoribus
1163 790 1302 834 facilis
1339 794 1406 834 est
1428 790 1570 834 aditus
1601 791 1655 833 ad
1687 803 1856 844 compa-

200 861 391 905 rationes
420 872 512 904 rem
543 861 774 903 militarem
806 864 1063 914 spectantes.
1126 860 1190 903 De
1212 860 1388 903 ducibus
1420 861 1512 914 agit
1540 860 1720 903 Ovidius
1752 863 1852 902 met.

201 929 317 974 XIII.
349 930 435 974 367
464 933 619 983 quanto
665 929 753 972 (lux
796 930 927 973 milite
971 930 1121 982 maior,
1167 933 1331 972 tantmn
1375 943 1447 985 eyo
1490 934 1527 972 te
1557 943 1709 983 supero
1742 933 1786 971 et
1816 942 1853 972 a.

202 1012 284 1045 am.
316 999 391 1044 III.
423 999 508 1043 525

409 1069 506 1123 quis
534 1071 645 1111 ‘cetat
673 1083 700 1111 a
730 1070 896 1124 maynis
927 1068 985 1111 acl
1013 1082 1082 1111 res
1112 1068 1302 1122 exempla
1333 1069 1515 1111 minores

476 1152 640 1181 sumere
670 1151 742 1181 nec
772 1152 920 1181 nomen
945 1139 1215 1192 pertimuisse
1245 1138 1400 1181 ducis?

409 1206 498 1250 dux
528 1207 661 1250 bonus
691 1207 787 1250 huic
818 1211 980 1251 centum
1010 1208 1218 1251 commisit
1246 1208 1327 1250 vite
1357 1207 1569 1262 remmio-s,

476 1277 575 1321 huic
605 1279 773 1332 equites,
808 1278 873 1321 illi
901 1280 1027 1333 se'yna
1057 1277 1213 1320 tuenda
1243 1277 1378 1320 decla:

410 1362 482 1390 vos
511 1361 672 1402 quoque
703 1347 752 1390 cle
781 1347 900 1390 nobis
930 1362 1051 1402 quem
1082 1348 1257 1402 quisque
1287 1348 1367 1390 erit
1397 1350 1522 1401 aptus
1553 1347 1609 1389 ad
1639 1361 1763 1389 usum

478 1418 671 1471 inspicite
700 1422 738 1460 et
768 1420 875 1460 certo
898 1417 1044 1472 ponite
1074 1431 1275 1471 quemque
1305 1417 1403 1459 loco.

204 1486 322 1538 Quae
353 1487 617 1541 comparatio
657 1487 771 1530 inter
816 1499 888 1530 eas
919 1485 1116 1529 habenda
1162 1490 1240 1538 est,
1288 1485 1441 1540 quibus
1485 1498 1552 1528 me
1595 1486 1735 1528 iudice
1773 1485 1857 1527 vim

202 1557 417 1612 quandam
447 1557 651 1600 comieam
684 1557 865 1600 Ovidius
896 1557 939 1598 in
971 1557 1164 1610 legentes
1188 1568 1391 1598 exercere
1423 1555 1527 1607 vult,
1552 1567 1647 1598 eum
1680 1567 1858 1608 magnas

203 1637 443 1681 gravesque
473 1639 543 1669 res
575 1626 777 1669 adhibeat
807 1626 860 1669 ad
902 1626 1047 1669 inania
1077 1629 1121 1668 et
1165 1625 1308 1668 futilia
1339 1625 1609 1668 illustranda.
1671 1624 1855 1666 Militem

203 1695 258 1739 ad
288 1695 418 1739 tubae
448 1696 634 1739 sonitum
666 1696 788 1750 quasi
810 1696 1003 1749 vigorem
1034 1696 1282 1738 induentem
1305 1695 1498 1738 videmus
1529 1695 1643 1749 apud
1675 1694 1857 1737 eundem

172 1810 177 1814 .
204 1777 256 1807 ex
286 1764 424 1808 Ponto
453 1764 529 1818 ΙΙΙ,
561 1766 600 1818 4,
633 1765 688 1808 32
719 1769 885 1820 tamque
924 1779 996 1821 eqo
1025 1766 1301 1819 sumpsissem
1332 1765 1409 1807 tali
1449 1764 1631 1807 clamore
1661 1765 1858 1819 viyorem,

203 1847 332 1889 quam
371 1834 495 1877 rudis
535 1834 685 1877 audita
725 1835 844 1878 miles
883 1835 941 1877 acl
978 1849 1101 1877 arma
1133 1834 1244 1887 tuba,
1291 1834 1518 1888 paullatim
1563 1837 1714 1876 contra
1745 1834 1859 1876 vires

203 1895 441 1947 sumentem
462 1904 522 1946 Ib.
545 1904 601 1946 47
623 1907 748 1958 utque
769 1905 878 1958 petit
899 1905 1044 1958 primo
1068 1904 1244 1958 plenam
1270 1904 1466 1957 flaventis
1496 1917 1649 1946 arenae
1675 1903 1861 1946 nondum

203 1973 376 2029 calfacti
404 1973 552 2016 militis
582 1972 705 2015 hasta
735 1973 883 2017 solum.
945 1973 1106 2016 Milites
1138 1973 1191 2015 ad
1232 1985 1422 2026 pugnam
1454 1973 1688 2015 instructos
1727 1971 1861 2015 habes

206 2042 336 2096 Verg.
360 2042 464 2085 Aen.
487 2042 572 2085 XII
604 2042 700 2088 124.
763 2042 958 2085 Sermoni
994 2042 1163 2096 vulgari
1193 2041 1503 2085 adtribuendae
1532 2046 1631 2085 sunt
1652 2042 1861 2095 imagines

205 2126 231 2156 a
260 2111 392 2156 funda
423 2112 675 2166 desumptae
707 2112 784 2157 OV.
818 2116 918 2157 met.
951 2113 1003 2165 ΙΙ,
1039 2112 1119 2155 727
1159 2126 1240 2155 non
1270 2125 1389 2155 secus
1419 2113 1581 2154 exarsit
1611 2126 1738 2166 quam
1768 2125 1862 2154 cum

205 2182 438 2225 Balearica
458 2181 683 2235 plumbum
701 2182 840 2237 funda
869 2183 990 2224 iacit:
1022 2182 1136 2225 volat
1164 2182 1274 2224 illud
1293 2186 1331 2224 et
1357 2181 1615 2225 incandescit
1644 2181 1779 2224 eundo
1810 2185 1858 2233 et,

206 2265 310 2307 quos
339 2265 423 2294 non
461 2250 620 2304 habuit,
653 2251 729 2294 sub
767 2251 950 2294 nubibus
989 2252 1147 2294 invenit
1176 2252 1292 2306 iynes
1335 2251 1436 2294 ibid.
1468 2250 1540 2295 IV.
1585 2251 1668 2294 709
1699 2254 1862 2293 tantum

206 2321 353 2364 abc-rat
369 2321 556 2375 scopulis
583 2325 786 2376 quantum
807 2321 1040 2364 Balearica
1069 2325 1175 2364 torto
1204 2320 1343 2376 funda
1364 2324 1505 2375 potest
1526 2320 1704 2374 plumbo
1735 2320 1863 2363 medii

207 2391 489 2434 transmittere
519 2391 631 2434 caeli.
668 2390 768 2434 ibid.
801 2391 913 2434 XIV.
948 2391 1031 2435 825
1068 2403 1220 2445 corpus
1249 2390 1426 2433 mortale
1450 2404 1528 2444 per
1559 2403 1692 2432 auras
1723 2389 1862 2442 dilap-

207 2473 313 2512 sam,
345 2462 486 2503 tenues
515 2464 562 2503 ut
581 2460 670 2503 lata
690 2460 892 2514 plumbea
920 2459 1061 2515 funda
1080 2461 1210 2503 missa
1242 2459 1345 2503 solet
1371 2459 1507 2503 medio
1525 2459 1650 2514 ¹qlans
1680 2458 1861 2502 intabes-

208 2542 298 2572 cere
327 2529 438 2572 caelo
478 2533 523 2572 et
553 2541 578 2572 a
609 2529 771 2583 sagitta
786 2528 839 2583 ⁵⁰)
880 2528 980 2571 ibid.
1013 2529 1117 2571 VIII
1154 2528 1238 2572 695
1281 2532 1444 2572 tantum
1485 2528 1662 2572 aberant
1699 2542 1862 2571 summo

209 2601 413 2653 qua-ntum
441 2598 566 2641 semel
595 2599 657 2641 ire
676 2599 834 2653 sayitta
854 2600 988 2641 missa
1009 2601 1149 2652 potest
1177 2598 1265 2640 ibid
1285 2598 1337 2641 X.
1362 2597 1447 2641 588
1468 2613 1574 2652 quae
1604 2611 1863 2652 quamquam

210 2666 405 2722 Scythica
433 2681 516 2710 non
555 2669 690 2711 secius
720 2669 783 2710 ire
821 2669 978 2723 sayitta
1008 2667 1148 2710 Aonio
1179 2669 1272 2710 visa
1303 2671 1363 2710 est
1391 2668 1533 2711 iuveni
1578 2667 1708 2720 Verg.
1756 2667 1859 2709 Aen.

210 2735 303 2781 XII.
336 2736 420 2781 856

415 2819 499 2849 non
528 2819 646 2850 secus
676 2819 726 2848 ac
755 2820 880 2849 nervo
903 2820 986 2860 per
1015 2805 1165 2849 nubem
1194 2806 1380 2860 inzpulsa
1409 2807 1578 2860 samaa,

418 2879 629 2918 armatam
658 2876 774 2919 saevi
802 2875 994 2918 Parthus
1025 2889 1152 2930 quam
1180 2876 1278 2931 felle
1307 2877 1451 2919 veneni

417 2944 608 2987 Parthus
636 2945 723 2987 sive
756 2943 902 3000 Cydon
932 2945 1057 2988 telum
1086 2944 1390 2988 immedicabile.
1420 2946 1552 2997 torsit,

416 3012 601 3056 stridens
630 3017 668 3056 et
697 3014 842 3057 celeris
873 3014 1085 3069 incoynita
1115 3015 1327 3057 transsilit
1355 3014 1542 3057 umbras.

349 3103 395 3149 5ὅ)
421 3104 581 3139 eundem
598 3105 645 3140 ad
662 3106 773 3140 finem
798 3107 1028 3152 usurpantur
1052 3100 1130 3150 δόρυ
1155 3107 1184 3137 ί)
1200 3106 1270 3141 358
1294 3105 1425 3151 αἰγανέῃ
1452 3107 1490 3138 ΙΙ
1507 3105 1575 3141 589
1600 3105 1705 3142 δίσκος
1732 3107 1768 3136 ·Ι”
1795 3106 1860 3141 431

210 3160 380 3206 καλαί-ροψ
406 3162 443 3193 ‘I‘
468 3161 545 3197 845.
