<?xml version="1.0" encoding="UTF-8"?>
<!DOCTYPE html PUBLIC "-//W3C//DTD XHTML 1.0 Transitional//EN"
    "http://www.w3.org/TR/xhtml1/DTD/xhtml1-transitional.dtd">
<html xmlns="http://www.w3.org/1999/xhtml" xml:lang="en" lang="en">
 <head>
  <title>
</title>
<meta http-equiv="Content-Type" content="text/html;charset=utf-8" />
  <meta name='ocr-system' content='tesseract 3.04.00' />
  <meta name='ocr-capabilities' content='ocr_page ocr_carea ocr_par ocr_line ocrx_word'/>
</head>
<body>
  <div class='ocr_page' id='page_1' title='image "./desimilitudinibu00mluoft_0061.png"; bbox 0 0 2086 3470; ppageno 0'>
   <div class='ocr_carea' id='block_1_1' title="bbox 0 0 284 102">
    <p class='ocr_par' dir='ltr' id='par_1_1' title="bbox 0 0 284 102">
     <span class='ocr_line' id='line_1_1' title="bbox 0 0 284 102; baseline 0 3368"><span class='ocrx_word' id='word_1_1' title='bbox 0 0 284 102; x_wconf 95' lang='lat' dir='ltr'> </span> 
     </span>
    </p>
   </div>
   <div class='ocr_carea' id='block_1_2' title="bbox 881 148 1168 193">
    <p class='ocr_par' dir='ltr' id='par_1_2' title="bbox 881 148 1168 193">
     <span class='ocr_line' id='line_1_2' title="bbox 881 148 1168 193; baseline -0.003 -11"><span class='ocrx_word' id='word_1_2' title='bbox 881 148 1168 193; x_wconf 62' lang='lat'>...53-</span> 
     </span>
    </p>
   </div>
   <div class='ocr_carea' id='block_1_3' title="bbox 124 286 1853 3190">
    <p class='ocr_par' dir='ltr' id='par_1_3' title="bbox 124 286 1853 3190">
     <span class='ocr_line' id='line_1_3' title="bbox 198 286 1852 348; baseline -0.005 -12"><span class='ocrx_word' id='word_1_3' title='bbox 198 293 409 348; x_wconf 78' lang='lat' dir='ltr'>accipiter,</span> <span class='ocrx_word' id='word_1_4' title='bbox 447 292 596 335; x_wconf 78' lang='lat' dir='ltr'>saucia</span> <span class='ocrx_word' id='word_1_5' title='bbox 632 292 750 346; x_wconf 76' lang='lat' dir='ltr'>facta</span> <span class='ocrx_word' id='word_1_6' title='bbox 789 292 885 333; x_wconf 74' lang='lat' dir='ltr'>tais.</span> <span class='ocrx_word' id='word_1_7' title='bbox 947 289 1232 332; x_wconf 85' lang='lat' dir='ltr'>Hirundinem</span> <span class='ocrx_word' id='word_1_8' title='bbox 1274 286 1535 330; x_wconf 82' lang='lat' dir='ltr'>carminibus</span> <span class='ocrx_word' id='word_1_9' title='bbox 1576 286 1852 329; x_wconf 88' lang='lat' dir='ltr'>inseruerunt</span> 
     </span>
     <span class='ocr_line' id='line_1_4' title="bbox 198 357 1853 415; baseline -0.005 -9"><span class='ocrx_word' id='word_1_10' title='bbox 198 362 452 406; x_wconf 79' lang='lat' dir='ltr'><strong>Theocritus</strong></span> <span class='ocrx_word' id='word_1_11' title='bbox 497 362 562 405; x_wconf 82' lang='grc'>14.</span> <span class='ocrx_word' id='word_1_12' title='bbox 605 362 673 405; x_wconf 86' lang='grc'><strong>39.</strong></span> <span class='ocrx_word' id='word_1_13' title='bbox 731 364 920 415; x_wconf 82' lang='grc' dir='ltr'><em>μάστακα</em></span> <span class='ocrx_word' id='word_1_14' title='bbox 961 361 1075 401; x_wconf 60' lang='lat' dir='ltr'>doum</span> <span class='ocrx_word' id='word_1_15' title='bbox 1127 357 1314 400; x_wconf 68' lang='grc' dir='ltr'>τέκνοισιν</span> <span class='ocrx_word' id='word_1_16' title='bbox 1355 357 1635 412; x_wconf 64' lang='grc' dir='ltr'>ὗπωροφίοισιν</span> <span class='ocrx_word' id='word_1_17' title='bbox 1685 357 1853 410; x_wconf 73' lang='grc' dir='ltr'>χελιδών</span> 
     </span>
     <span class='ocr_line' id='line_1_5' title="bbox 198 425 1848 488; baseline -0.005 -13"><span class='ocrx_word' id='word_1_18' title='bbox 198 433 378 488; x_wconf 73' lang='grc' dir='ltr'>ἄψορρον</span> <span class='ocrx_word' id='word_1_19' title='bbox 404 436 551 487; x_wconf 76' lang='grc' dir='ltr'>ταχινιῖ</span> <span class='ocrx_word' id='word_1_20' title='bbox 578 430 733 474; x_wconf 70' lang='grc' dir='ltr'><em>πέτεται</em></span> <span class='ocrx_word' id='word_1_21' title='bbox 762 432 848 484; x_wconf 71' lang='grc' dir='ltr'>βίον</span> <span class='ocrx_word' id='word_1_22' title='bbox 876 429 994 471; x_wconf 79' lang='grc' dir='ltr'>ἄλλον</span> <span class='ocrx_word' id='word_1_23' title='bbox 1016 429 1198 484; x_wconf 71' lang='grc' dir='ltr'>ἀγείρειν.</span> <span class='ocrx_word' id='word_1_24' title='bbox 1259 427 1389 480; x_wconf 81' lang='lat' dir='ltr'>Vel&#39;g.</span> <span class='ocrx_word' id='word_1_25' title='bbox 1448 426 1552 468; x_wconf 81' lang='lat' dir='ltr'>Aen.</span> <span class='ocrx_word' id='word_1_26' title='bbox 1610 425 1704 469; x_wconf 88' lang='lat' dir='ltr'>XII.</span> <span class='ocrx_word' id='word_1_27' title='bbox 1751 425 1848 468; x_wconf 84' lang='grc'><strong>473.</strong></span> 
     </span>
     <span class='ocr_line' id='line_1_6' title="bbox 197 494 1853 557; baseline -0.005 -13"><span class='ocrx_word' id='word_1_28' title='bbox 197 503 326 557; x_wconf 73' lang='lat' dir='ltr'>niqra</span> <span class='ocrx_word' id='word_1_29' title='bbox 354 500 465 544; x_wconf 71' lang='lat' dir='ltr'>velut</span> <span class='ocrx_word' id='word_1_30' title='bbox 506 513 684 555; x_wconf 73' lang='lat' dir='ltr'>maynas</span> <span class='ocrx_word' id='word_1_31' title='bbox 729 498 890 542; x_wconf 70' lang='lat' dir='ltr'>domini</span> <span class='ocrx_word' id='word_1_32' title='bbox 935 511 1028 540; x_wconf 77' lang='lat' dir='ltr'>cam</span> <span class='ocrx_word' id='word_1_33' title='bbox 1068 496 1211 539; x_wconf 66' lang='lat' dir='ltr'>divitis</span> <span class='ocrx_word' id='word_1_34' title='bbox 1242 496 1366 538; x_wconf 79' lang='lat' dir='ltr'>aulas</span> <span class='ocrx_word' id='word_1_35' title='bbox 1402 494 1598 549; x_wconf 73' lang='lat' dir='ltr'>pervolat</span> <span class='ocrx_word' id='word_1_36' title='bbox 1626 497 1665 537; x_wconf 75' lang='lat' dir='ltr'>ct</span> <span class='ocrx_word' id='word_1_37' title='bbox 1699 494 1853 548; x_wconf 74' lang='lat' dir='ltr'>pinnis</span> 
     </span>
     <span class='ocr_line' id='line_1_7' title="bbox 197 562 1852 621; baseline -0.004 -7"><span class='ocrx_word' id='word_1_38' title='bbox 197 570 288 614; x_wconf 75' lang='lat' dir='ltr'>alca</span> <span class='ocrx_word' id='word_1_39' title='bbox 316 571 431 613; x_wconf 79' lang='lat' dir='ltr'>atria</span> <span class='ocrx_word' id='word_1_40' title='bbox 461 569 608 612; x_wconf 71' lang='lat' dir='ltr'>lustret</span> <span class='ocrx_word' id='word_1_41' title='bbox 634 567 830 620; x_wconf 75' lang='lat' dir='ltr'>hirando,</span> <span class='ocrx_word' id='word_1_42' title='bbox 862 566 1022 621; x_wconf 75' lang='lat' dir='ltr'>pabula</span> <span class='ocrx_word' id='word_1_43' title='bbox 1044 579 1189 620; x_wconf 70' lang='lat' dir='ltr'>parva</span> <span class='ocrx_word' id='word_1_44' title='bbox 1219 565 1353 620; x_wconf 70' lang='lat' dir='ltr'>leyens</span> <span class='ocrx_word' id='word_1_45' title='bbox 1383 563 1577 618; x_wconf 73' lang='lat' dir='ltr'>nidisque</span> <span class='ocrx_word' id='word_1_46' title='bbox 1608 562 1852 617; x_wconf 77' lang='lat' dir='ltr'><em>loquacibus</em></span> 
     </span>
     <span class='ocr_line' id='line_1_8' title="bbox 196 634 1850 692; baseline -0.005 -9"><span class='ocrx_word' id='word_1_47' title='bbox 196 653 314 683; x_wconf 81' lang='lat' dir='ltr'>escas</span> <span class='ocrx_word' id='word_1_48' title='bbox 343 643 382 682; x_wconf 79' lang='lat' dir='ltr'>et</span> <span class='ocrx_word' id='word_1_49' title='bbox 410 652 520 682; x_wconf 78' lang='lat' dir='ltr'>nuuc</span> <span class='ocrx_word' id='word_1_50' title='bbox 541 637 779 692; x_wconf 68' lang='lat' dir='ltr'>porticibus</span> <span class='ocrx_word' id='word_1_51' title='bbox 808 637 954 679; x_wconf 73' lang='lat' dir='ltr'>vacuis</span> <span class='ocrx_word' id='word_1_52' title='bbox 999 648 1108 678; x_wconf 76' lang='lat' dir='ltr'>mmo</span> <span class='ocrx_word' id='word_1_53' title='bbox 1138 634 1286 677; x_wconf 75' lang='lat' dir='ltr'>umida</span> <span class='ocrx_word' id='word_1_54' title='bbox 1324 634 1482 676; x_wconf 75' lang='lat' dir='ltr'>circum</span> <span class='ocrx_word' id='word_1_55' title='bbox 1519 636 1672 688; x_wconf 74' lang='lat' dir='ltr'>stayna</span> <span class='ocrx_word' id='word_1_56' title='bbox 1715 635 1850 675; x_wconf 76' lang='lat' dir='ltr'>sonat.</span> 
     </span>
     <span class='ocr_line' id='line_1_9' title="bbox 204 701 1851 761; baseline -0.005 -9"><span class='ocrx_word' id='word_1_57' title='bbox 204 709 282 752; x_wconf 90' lang='lat' dir='ltr'>Ov.</span> <span class='ocrx_word' id='word_1_58' title='bbox 314 721 365 751; x_wconf 88' lang='lat' dir='ltr'>ex</span> <span class='ocrx_word' id='word_1_59' title='bbox 397 708 442 753; x_wconf 92' lang='lat' dir='ltr'>P.</span> <span class='ocrx_word' id='word_1_60' title='bbox 474 707 546 750; x_wconf 88' lang='lat' dir='ltr'>IX.</span> <span class='ocrx_word' id='word_1_61' title='bbox 580 707 646 748; x_wconf 78' lang='lat'>14.</span> <span class='ocrx_word' id='word_1_62' title='bbox 682 707 746 749; x_wconf 82' lang='lat'>13.</span> <span class='ocrx_word' id='word_1_63' title='bbox 777 706 918 761; x_wconf 74' lang='lat' dir='ltr'>fr-iyus</span> <span class='ocrx_word' id='word_1_64' title='bbox 956 706 1099 747; x_wconf 75' lang='lat' dir='ltr'>minus</span> <span class='ocrx_word' id='word_1_65' title='bbox 1129 703 1217 747; x_wconf 70' lang='lat' dir='ltr'>odit</span> <span class='ocrx_word' id='word_1_66' title='bbox 1256 702 1451 755; x_wconf 71' lang='lat' dir='ltr'>hirundo,</span> <span class='ocrx_word' id='word_1_67' title='bbox 1497 702 1696 756; x_wconf 73' lang='lat' dir='ltr'>proxima</span> <span class='ocrx_word' id='word_1_68' title='bbox 1725 701 1851 744; x_wconf 83' lang='lat' dir='ltr'>Mar-</span> 
     </span>
     <span class='ocr_line' id='line_1_10' title="bbox 197 770 1847 832; baseline -0.005 -12"><span class='ocrx_word' id='word_1_69' title='bbox 197 778 333 822; x_wconf 66' lang='lat' dir='ltr'>ticolis</span> <span class='ocrx_word' id='word_1_70' title='bbox 362 790 490 832; x_wconf 78' lang='lat' dir='ltr'>quam</span> <span class='ocrx_word' id='word_1_71' title='bbox 525 776 615 819; x_wconf 83' lang='lat' dir='ltr'>loca</span> <span class='ocrx_word' id='word_1_72' title='bbox 645 775 765 818; x_wconf 77' lang='lat' dir='ltr'>Naso</span> <span class='ocrx_word' id='word_1_73' title='bbox 799 774 930 817; x_wconf 75' lang='lat' dir='ltr'>Getis.</span> <span class='ocrx_word' id='word_1_74' title='bbox 991 773 1200 816; x_wconf 89' lang='lat' dir='ltr'>Anserem</span> <span class='ocrx_word' id='word_1_75' title='bbox 1244 771 1376 815; x_wconf 88' lang='lat' dir='ltr'>semel</span> <span class='ocrx_word' id='word_1_76' title='bbox 1421 770 1545 814; x_wconf 90' lang='lat' dir='ltr'>modo</span> <span class='ocrx_word' id='word_1_77' title='bbox 1593 783 1620 813; x_wconf 84' lang='lat' dir='ltr'>a</span> <span class='ocrx_word' id='word_1_78' title='bbox 1665 770 1847 823; x_wconf 87' lang='lat' dir='ltr'>Catullo,</span> 
     </span>
     <span class='ocr_line' id='line_1_11' title="bbox 197 840 1849 900; baseline -0.005 -11"><span class='ocrx_word' id='word_1_79' title='bbox 197 847 318 889; x_wconf 89' lang='lat' dir='ltr'>cuius</span> <span class='ocrx_word' id='word_1_80' title='bbox 347 845 578 900; x_wconf 85' lang='lat' dir='ltr'>populares</span> <span class='ocrx_word' id='word_1_81' title='bbox 608 844 686 887; x_wconf 82' lang='lat' dir='ltr'>has</span> <span class='ocrx_word' id='word_1_82' title='bbox 708 856 808 886; x_wconf 85' lang='lat' dir='ltr'>aves</span> <span class='ocrx_word' id='word_1_83' title='bbox 831 844 1013 886; x_wconf 86' lang='lat' dir='ltr'>educare</span> <span class='ocrx_word' id='word_1_84' title='bbox 1051 842 1258 894; x_wconf 84' lang='lat' dir='ltr'>solebant,</span> <span class='ocrx_word' id='word_1_85' title='bbox 1291 843 1671 883; x_wconf 86' lang='lat' dir='ltr'>conunemoratum</span> <span class='ocrx_word' id='word_1_86' title='bbox 1706 840 1849 883; x_wconf 88' lang='lat' dir='ltr'>inveni</span> 
     </span>
     <span class='ocr_line' id='line_1_12' title="bbox 195 909 1850 965; baseline -0.004 -7"><span class='ocrx_word' id='word_1_87' title='bbox 195 914 264 960; x_wconf 82' lang='lat'>25.</span> <span class='ocrx_word' id='word_1_88' title='bbox 305 916 344 958; x_wconf 83' lang='lat'>2.</span> <span class='ocrx_word' id='word_1_89' title='bbox 391 913 573 959; x_wconf 78' lang='lat' dir='ltr'><strong><em>Cinaede</em></strong></span> <span class='ocrx_word' id='word_1_90' title='bbox 619 913 780 965; x_wconf 75' lang='lat' dir='ltr'>Thalle,</span> <span class='ocrx_word' id='word_1_91' title='bbox 827 912 994 955; x_wconf 79' lang='lat' dir='ltr'>mollior</span> <span class='ocrx_word' id='word_1_92' title='bbox 1026 945 1034 953; x_wconf 89' lang='lat'>.</span> <span class='ocrx_word' id='word_1_93' title='bbox 1068 945 1077 953; x_wconf 90' lang='lat'>.</span> <span class='ocrx_word' id='word_1_94' title='bbox 1118 911 1180 954; x_wconf 76' lang='lat' dir='ltr'>vel</span> <span class='ocrx_word' id='word_1_95' title='bbox 1225 911 1391 953; x_wconf 74' lang='lat' dir='ltr'>anseris</span> <span class='ocrx_word' id='word_1_96' title='bbox 1434 909 1667 953; x_wconf 79' lang='lat' dir='ltr'>medullula</span> <span class='ocrx_word' id='word_1_97' title='bbox 1697 943 1706 952; x_wconf 93' lang='lat'>.</span> <span class='ocrx_word' id='word_1_98' title='bbox 1739 910 1850 952; x_wconf 89' lang='lat' dir='ltr'>unde</span> 
     </span>
     <span class='ocr_line' id='line_1_13' title="bbox 197 979 1852 1036; baseline -0.004 -8"><span class='ocrx_word' id='word_1_99' title='bbox 197 989 314 1028; x_wconf 87' lang='lat' dir='ltr'>certe</span> <span class='ocrx_word' id='word_1_100' title='bbox 342 983 569 1036; x_wconf 85' lang='lat' dir='ltr'>fluxerunt,</span> <span class='ocrx_word' id='word_1_101' title='bbox 603 995 712 1036; x_wconf 86' lang='lat' dir='ltr'>quae</span> <span class='ocrx_word' id='word_1_102' title='bbox 754 982 957 1035; x_wconf 80' lang='lat' dir='ltr'>leguntur</span> <span class='ocrx_word' id='word_1_103' title='bbox 997 981 1140 1034; x_wconf 86' lang='lat' dir='ltr'>Priap.</span> <span class='ocrx_word' id='word_1_104' title='bbox 1174 980 1241 1023; x_wconf 89' lang='grc'>64.</span> <span class='ocrx_word' id='word_1_105' title='bbox 1286 979 1460 1034; x_wconf 76' lang='lat' dir='ltr'>quidam</span> <span class='ocrx_word' id='word_1_106' title='bbox 1489 979 1657 1022; x_wconf 77' lang='lat' dir='ltr'>mollior</span> <span class='ocrx_word' id='word_1_107' title='bbox 1687 980 1852 1022; x_wconf 77' lang='lat' dir='ltr'>anseris</span> 
     </span>
     <span class='ocr_line' id='line_1_14' title="bbox 195 1047 1849 1103; baseline -0.003 -6"><span class='ocrx_word' id='word_1_108' title='bbox 195 1053 391 1097; x_wconf 80' lang='lat' dir='ltr'><em>medulla.</em></span> <span class='ocrx_word' id='word_1_109' title='bbox 451 1053 680 1103; x_wconf 82' lang='lat' dir='ltr'>Pavonem,</span> <span class='ocrx_word' id='word_1_110' title='bbox 712 1051 783 1094; x_wconf 92' lang='lat' dir='ltr'>ubi</span> <span class='ocrx_word' id='word_1_111' title='bbox 815 1063 860 1094; x_wconf 85' lang='lat' dir='ltr'>se</span> <span class='ocrx_word' id='word_1_112' title='bbox 891 1050 1112 1093; x_wconf 85' lang='lat' dir='ltr'>laudatum</span> <span class='ocrx_word' id='word_1_113' title='bbox 1144 1049 1303 1102; x_wconf 86' lang='lat' dir='ltr'>audiat,</span> <span class='ocrx_word' id='word_1_114' title='bbox 1337 1048 1568 1103; x_wconf 88' lang='lat' dir='ltr'>superbum</span> <span class='ocrx_word' id='word_1_115' title='bbox 1599 1047 1707 1101; x_wconf 89' lang='lat' dir='ltr'>fieri,</span> <span class='ocrx_word' id='word_1_116' title='bbox 1740 1062 1849 1103; x_wconf 86' lang='lat' dir='ltr'>quae</span> 
     </span>
     <span class='ocr_line' id='line_1_15' title="bbox 196 1118 1849 1176; baseline -0.004 -10"><span class='ocrx_word' id='word_1_117' title='bbox 196 1123 326 1166; x_wconf 86' lang='lat' dir='ltr'>etiam</span> <span class='ocrx_word' id='word_1_118' title='bbox 357 1122 470 1176; x_wconf 84' lang='lat' dir='ltr'>apud</span> <span class='ocrx_word' id='word_1_119' title='bbox 501 1134 577 1164; x_wconf 87' lang='lat' dir='ltr'>nos</span> <span class='ocrx_word' id='word_1_120' title='bbox 609 1133 710 1163; x_wconf 87' lang='lat' dir='ltr'>rure</span> <span class='ocrx_word' id='word_1_121' title='bbox 741 1120 932 1173; x_wconf 84' lang='lat' dir='ltr'>vulgaris</span> <span class='ocrx_word' id='word_1_122' title='bbox 963 1119 1106 1173; x_wconf 87' lang='lat' dir='ltr'>opinio</span> <span class='ocrx_word' id='word_1_123' title='bbox 1138 1122 1216 1172; x_wconf 86' lang='lat' dir='ltr'>est,</span> <span class='ocrx_word' id='word_1_124' title='bbox 1258 1119 1388 1161; x_wconf 86' lang='lat' dir='ltr'>etiam</span> <span class='ocrx_word' id='word_1_125' title='bbox 1421 1131 1446 1161; x_wconf 87' lang='lat' dir='ltr'>a</span> <span class='ocrx_word' id='word_1_126' title='bbox 1476 1118 1681 1161; x_wconf 85' lang='lat' dir='ltr'>Romanis</span> <span class='ocrx_word' id='word_1_127' title='bbox 1713 1118 1849 1161; x_wconf 88' lang='lat' dir='ltr'>credi-</span> 
     </span>
     <span class='ocr_line' id='line_1_16' title="bbox 195 1187 1848 1245; baseline -0.004 -9"><span class='ocrx_word' id='word_1_128' title='bbox 195 1196 288 1236; x_wconf 90' lang='lat' dir='ltr'>tum</span> <span class='ocrx_word' id='word_1_129' title='bbox 319 1204 424 1245; x_wconf 87' lang='lat' dir='ltr'>esse,</span> <span class='ocrx_word' id='word_1_130' title='bbox 457 1190 635 1234; x_wconf 87' lang='lat' dir='ltr'>Ovidius</span> <span class='ocrx_word' id='word_1_131' title='bbox 674 1190 798 1232; x_wconf 89' lang='lat' dir='ltr'>docet</span> <span class='ocrx_word' id='word_1_132' title='bbox 828 1193 928 1234; x_wconf 87' lang='lat' dir='ltr'>met.</span> <span class='ocrx_word' id='word_1_133' title='bbox 961 1188 1057 1233; x_wconf 83' lang='lat' dir='ltr'>XII.</span> <span class='ocrx_word' id='word_1_134' title='bbox 1089 1188 1186 1231; x_wconf 81' lang='lat'>802.</span> <span class='ocrx_word' id='word_1_135' title='bbox 1222 1187 1394 1231; x_wconf 74' lang='lat' dir='ltr'>laudato</span> <span class='ocrx_word' id='word_1_136' title='bbox 1417 1201 1585 1242; x_wconf 75' lang='lat' dir='ltr'>pavone</span> <span class='ocrx_word' id='word_1_137' title='bbox 1614 1188 1848 1242; x_wconf 73' lang='lat' dir='ltr'>superbior.</span> 
     </span>
     <span class='ocr_line' id='line_1_17' title="bbox 195 1257 1850 1314; baseline -0.004 -9"><span class='ocrx_word' id='word_1_138' title='bbox 195 1262 356 1305; x_wconf 87' lang='lat' dir='ltr'>Gruem</span> <span class='ocrx_word' id='word_1_139' title='bbox 402 1264 597 1304; x_wconf 81' lang='lat' dir='ltr'>aratrum</span> <span class='ocrx_word' id='word_1_140' title='bbox 643 1264 893 1314; x_wconf 75' lang='lat' dir='ltr'>sequentem</span> <span class='ocrx_word' id='word_1_141' title='bbox 939 1258 1190 1301; x_wconf 81' lang='lat' dir='ltr'>Theocritus</span> <span class='ocrx_word' id='word_1_142' title='bbox 1236 1257 1403 1300; x_wconf 80' lang='lat' dir='ltr'>induxit</span> <span class='ocrx_word' id='word_1_143' title='bbox 1435 1257 1501 1301; x_wconf 90' lang='grc'>10.</span> <span class='ocrx_word' id='word_1_144' title='bbox 1539 1257 1608 1300; x_wconf 86' lang='grc'>31.</span> <span class='ocrx_word' id='word_1_145' title='bbox 1654 1259 1783 1299; x_wconf 80' lang='grc' dir='ltr'><em>διώκει</em></span> <span class='ocrx_word' id='word_1_146' title='bbox 1823 1259 1850 1299; x_wconf 76' lang='grc' dir='ltr'>(ἱ</span> 
     </span>
     <span class='ocr_line' id='line_1_18' title="bbox 191 1326 1848 1387; baseline -0.004 -12"><span class='ocrx_word' id='word_1_147' title='bbox 191 1331 357 1387; x_wconf 72' lang='grc' dir='ltr'>’γέρανος</span> <span class='ocrx_word' id='word_1_148' title='bbox 383 1330 583 1386; x_wconf 72' lang='grc' dir='ltr'>τιῦροτρον</span> <span class='ocrx_word' id='word_1_149' title='bbox 614 1342 709 1372; x_wconf 88' lang='lat' dir='ltr'>cum</span> <span class='ocrx_word' id='word_1_150' title='bbox 730 1329 962 1382; x_wconf 82' lang='lat' dir='ltr'>Vergilius,</span> <span class='ocrx_word' id='word_1_151' title='bbox 992 1327 1170 1370; x_wconf 82' lang='lat' dir='ltr'>Homeri</span> <span class='ocrx_word' id='word_1_152' title='bbox 1208 1331 1248 1369; x_wconf 86' lang='grc' dir='ltr'><strong>Γ.</strong></span> <span class='ocrx_word' id='word_1_153' title='bbox 1276 1328 1302 1370; x_wconf 84' lang='grc'><strong><em>2</em></strong></span> <span class='ocrx_word' id='word_1_154' title='bbox 1333 1330 1518 1379; x_wconf 86' lang='lat' dir='ltr'>secutus,</span> <span class='ocrx_word' id='word_1_155' title='bbox 1550 1326 1655 1369; x_wconf 90' lang='lat' dir='ltr'>Aen.</span> <span class='ocrx_word' id='word_1_156' title='bbox 1681 1326 1738 1369; x_wconf 92' lang='lat' dir='ltr'>X.</span> <span class='ocrx_word' id='word_1_157' title='bbox 1763 1326 1848 1369; x_wconf 87' lang='grc'>264</span> 
     </span>
     <span class='ocr_line' id='line_1_19' title="bbox 124 1395 1847 1455; baseline -0.003 -11"><span class='ocrx_word' id='word_1_158' title='bbox 124 1399 126 1401; x_wconf 77' lang='grc'><strong>’</strong></span> <span class='ocrx_word' id='word_1_159' title='bbox 195 1413 325 1455; x_wconf 79' lang='lat' dir='ltr'>grues</span> <span class='ocrx_word' id='word_1_160' title='bbox 355 1399 410 1443; x_wconf 86' lang='lat' dir='ltr'>ad</span> <span class='ocrx_word' id='word_1_161' title='bbox 439 1399 776 1454; x_wconf 83' lang='lat' dir='ltr'>septentrionem</span> <span class='ocrx_word' id='word_1_162' title='bbox 808 1398 1045 1451; x_wconf 73' lang='lat' dir='ltr'>migrantes</span> <span class='ocrx_word' id='word_1_163' title='bbox 1076 1397 1304 1450; x_wconf 83' lang='lat' dir='ltr'>intelligat.</span> <span class='ocrx_word' id='word_1_164' title='bbox 1365 1396 1484 1438; x_wconf 86' lang='lat' dir='ltr'>Idem</span> <span class='ocrx_word' id='word_1_165' title='bbox 1516 1395 1619 1438; x_wconf 91' lang='lat' dir='ltr'>Aen.</span> <span class='ocrx_word' id='word_1_166' title='bbox 1644 1395 1716 1439; x_wconf 92' lang='lat' dir='ltr'>IV.</span> <span class='ocrx_word' id='word_1_167' title='bbox 1750 1396 1847 1440; x_wconf 83' lang='lat'>254.</span> 
     </span>
     <span class='ocr_line' id='line_1_20' title="bbox 195 1465 1850 1523; baseline -0.002 -10"><span class='ocrx_word' id='word_1_168' title='bbox 195 1471 265 1514; x_wconf 76' lang='lat' dir='ltr'>avi</span> <span class='ocrx_word' id='word_1_169' title='bbox 293 1468 458 1522; x_wconf 49' lang='lat' dir='ltr'>senilis,</span> <span class='ocrx_word' id='word_1_170' title='bbox 505 1469 579 1523; x_wconf 74' lang='lat' dir='ltr'>qai</span> <span class='ocrx_word' id='word_1_171' title='bbox 624 1469 780 1510; x_wconf 75' lang='lat' dir='ltr'>circam</span> <span class='ocrx_word' id='word_1_172' title='bbox 819 1467 958 1519; x_wconf 76' lang='lat' dir='ltr'>litora,</span> <span class='ocrx_word' id='word_1_173' title='bbox 1007 1467 1164 1508; x_wconf 70' lang='lat' dir='ltr'>circum</span> <span class='ocrx_word' id='word_1_174' title='bbox 1199 1467 1394 1520; x_wconf 75' lang='lat' dir='ltr'>piscosos</span> <span class='ocrx_word' id='word_1_175' title='bbox 1437 1465 1632 1519; x_wconf 76' lang='lat' dir='ltr'>scopulos</span> <span class='ocrx_word' id='word_1_176' title='bbox 1676 1465 1850 1509; x_wconf 76' lang='lat' dir='ltr'>humilis</span> 
     </span>
     <span class='ocr_line' id='line_1_21' title="bbox 193 1534 1848 1594; baseline -0.004 -12"><span class='ocrx_word' id='word_1_177' title='bbox 193 1539 307 1582; x_wconf 77' lang='lat' dir='ltr'>volat</span> <span class='ocrx_word' id='word_1_178' title='bbox 334 1551 519 1593; x_wconf 77' lang='lat' dir='ltr'>aequora</span> <span class='ocrx_word' id='word_1_179' title='bbox 548 1539 680 1590; x_wconf 62' lang='grc' dir='ltr'><em>ἱππέα,</em></span> <span class='ocrx_word' id='word_1_180' title='bbox 722 1537 861 1579; x_wconf 88' lang='lat' dir='ltr'>larum</span> <span class='ocrx_word' id='word_1_181' title='bbox 892 1535 1076 1579; x_wconf 87' lang='lat' dir='ltr'>fortasse</span> <span class='ocrx_word' id='word_1_182' title='bbox 1122 1538 1304 1589; x_wconf 80' lang='lat' dir='ltr'>spectat,</span> <span class='ocrx_word' id='word_1_183' title='bbox 1337 1535 1411 1589; x_wconf 92' lang='lat' dir='ltr'>qui</span> <span class='ocrx_word' id='word_1_184' title='bbox 1442 1538 1508 1577; x_wconf 88' lang='lat' dir='ltr'>est</span> <span class='ocrx_word' id='word_1_185' title='bbox 1537 1552 1570 1576; x_wconf 85' lang='lat'>0.</span> <span class='ocrx_word' id='word_1_186' title='bbox 1600 1542 1686 1580; x_wconf 82' lang='lat'><strong>749.</strong></span> <span class='ocrx_word' id='word_1_187' title='bbox 1716 1534 1848 1594; x_wconf 71' lang='grc' dir='ltr'>ἄντλῳ</span> 
     </span>
     <span class='ocr_line' id='line_1_22' title="bbox 193 1597 1849 1658; baseline -0.004 -13"><span class='ocrx_word' id='word_1_188' title='bbox 193 1605 416 1658; x_wconf 68' lang='grc' dir='ltr'>ἐνδούπησε</span> <span class='ocrx_word' id='word_1_189' title='bbox 457 1606 617 1644; x_wconf 72' lang='grc' dir='ltr'><em>πεσοῖσ’</em></span> <span class='ocrx_word' id='word_1_190' title='bbox 659 1602 712 1652; x_wconf 72' lang='grc' dir='ltr'>(ὃς</span> <span class='ocrx_word' id='word_1_191' title='bbox 739 1601 888 1655; x_wconf 73' lang='grc' dir='ltr'>εἰναλίη</span> <span class='ocrx_word' id='word_1_192' title='bbox 914 1603 998 1655; x_wconf 74' lang='grc' dir='ltr'><strong>κήξ.</strong></span> <span class='ocrx_word' id='word_1_193' title='bbox 1026 1605 1242 1644; x_wconf 83' lang='lat' dir='ltr'>Antimach.</span> <span class='ocrx_word' id='word_1_194' title='bbox 1272 1603 1318 1644; x_wconf 88' lang='lat' dir='ltr'>fr.</span> <span class='ocrx_word' id='word_1_195' title='bbox 1347 1604 1383 1643; x_wconf 88' lang='grc'>6.</span> <span class='ocrx_word' id='word_1_196' title='bbox 1413 1599 1507 1654; x_wconf 64' lang='grc' dir='ltr'>ἠΰτε</span> <span class='ocrx_word' id='word_1_197' title='bbox 1535 1600 1659 1653; x_wconf 82' lang='grc' dir='ltr'><em>καύηξ</em></span> <span class='ocrx_word' id='word_1_198' title='bbox 1687 1597 1849 1654; x_wconf 80' lang='grc' dir='ltr'>(ἔνδιος)</span> 
     </span>
     <span class='ocr_line' id='line_1_23' title="bbox 194 1674 1849 1733; baseline -0.002 -13"><span class='ocrx_word' id='word_1_199' title='bbox 194 1681 344 1733; x_wconf 77' lang='grc' dir='ltr'><em>δύητης</em></span> <span class='ocrx_word' id='word_1_200' title='bbox 371 1679 552 1732; x_wconf 57' lang='lat' dir='ltr'>‹magada›</span> <span class='ocrx_word' id='word_1_201' title='bbox 580 1678 634 1727; x_wconf 75' lang='grc' dir='ltr'>εἰς</span> <span class='ocrx_word' id='word_1_202' title='bbox 662 1676 838 1731; x_wconf 61' lang='grc' dir='ltr'><strong>πέλαγος.</strong></span> <span class='ocrx_word' id='word_1_203' title='bbox 903 1675 969 1717; x_wconf 88' lang='lat' dir='ltr'>De</span> <span class='ocrx_word' id='word_1_204' title='bbox 1014 1675 1204 1717; x_wconf 86' lang='lat' dir='ltr'>lusciniis</span> <span class='ocrx_word' id='word_1_205' title='bbox 1250 1677 1294 1717; x_wconf 83' lang='lat' dir='ltr'>et</span> <span class='ocrx_word' id='word_1_206' title='bbox 1333 1674 1477 1728; x_wconf 89' lang='lat' dir='ltr'>cycnis</span> <span class='ocrx_word' id='word_1_207' title='bbox 1522 1674 1667 1727; x_wconf 88' lang='lat' dir='ltr'>plures</span> <span class='ocrx_word' id='word_1_208' title='bbox 1713 1677 1849 1728; x_wconf 85' lang='lat' dir='ltr'>agunt</span> 
     </span>
     <span class='ocr_line' id='line_1_24' title="bbox 194 1744 1847 1800; baseline -0.004 -9"><span class='ocrx_word' id='word_1_209' title='bbox 194 1746 508 1798; x_wconf 87' lang='lat' dir='ltr'>similitudines,</span> <span class='ocrx_word' id='word_1_210' title='bbox 541 1759 646 1800; x_wconf 86' lang='lat' dir='ltr'>quas</span> <span class='ocrx_word' id='word_1_211' title='bbox 670 1758 754 1788; x_wconf 89' lang='lat' dir='ltr'>una</span> <span class='ocrx_word' id='word_1_212' title='bbox 784 1745 994 1797; x_wconf 73' lang='lat' dir='ltr'>tractabo,</span> <span class='ocrx_word' id='word_1_213' title='bbox 1017 1745 1217 1799; x_wconf 89' lang='lat' dir='ltr'>quoniam</span> <span class='ocrx_word' id='word_1_214' title='bbox 1248 1744 1480 1798; x_wconf 84' lang='lat' dir='ltr'>pleraeque</span> <span class='ocrx_word' id='word_1_215' title='bbox 1504 1756 1651 1786; x_wconf 85' lang='lat' dir='ltr'>earum</span> <span class='ocrx_word' id='word_1_216' title='bbox 1674 1746 1847 1786; x_wconf 84' lang='lat' dir='ltr'>cantum</span> 
     </span>
     <span class='ocr_line' id='line_1_25' title="bbox 194 1813 1846 1872; baseline -0.004 -12"><span class='ocrx_word' id='word_1_217' title='bbox 194 1820 402 1872; x_wconf 84' lang='lat' dir='ltr'>spectant.</span> <span class='ocrx_word' id='word_1_218' title='bbox 464 1816 698 1858; x_wconf 82' lang='lat' dir='ltr'>Praeterea</span> <span class='ocrx_word' id='word_1_219' title='bbox 741 1815 865 1857; x_wconf 87' lang='lat' dir='ltr'>modo</span> <span class='ocrx_word' id='word_1_220' title='bbox 897 1814 1016 1869; x_wconf 84' lang='lat' dir='ltr'>cycni</span> <span class='ocrx_word' id='word_1_221' title='bbox 1057 1814 1239 1857; x_wconf 88' lang='lat' dir='ltr'>colorem</span> <span class='ocrx_word' id='word_1_222' title='bbox 1282 1813 1427 1856; x_wconf 87' lang='lat' dir='ltr'>album</span> <span class='ocrx_word' id='word_1_223' title='bbox 1466 1816 1846 1855; x_wconf 88' lang='lat' dir='ltr'>commemoratum</span> 
     </span>
     <span class='ocr_line' id='line_1_26' title="bbox 193 1880 1845 1938; baseline -0.003 -8"><span class='ocrx_word' id='word_1_224' title='bbox 193 1887 338 1930; x_wconf 89' lang='lat' dir='ltr'>inveni</span> <span class='ocrx_word' id='word_1_225' title='bbox 367 1885 544 1928; x_wconf 89' lang='lat' dir='ltr'>Theo&#39;cr.</span> <span class='ocrx_word' id='word_1_226' title='bbox 578 1883 645 1927; x_wconf 83' lang='lat'>25.</span> <span class='ocrx_word' id='word_1_227' title='bbox 678 1885 745 1928; x_wconf 86' lang='lat'>30.</span> <span class='ocrx_word' id='word_1_228' title='bbox 780 1885 909 1938; x_wconf 80' lang='lat' dir='ltr'>Verg.</span> <span class='ocrx_word' id='word_1_229' title='bbox 943 1883 1019 1928; x_wconf 89' lang='lat' dir='ltr'>ecl.</span> <span class='ocrx_word' id='word_1_230' title='bbox 1053 1884 1091 1926; x_wconf 87' lang='lat'>7.</span> <span class='ocrx_word' id='word_1_231' title='bbox 1124 1883 1193 1926; x_wconf 82' lang='lat'>38.</span> <span class='ocrx_word' id='word_1_232' title='bbox 1256 1880 1334 1926; x_wconf 87' lang='lat' dir='ltr'>Ov.</span> <span class='ocrx_word' id='word_1_233' title='bbox 1365 1882 1457 1925; x_wconf 90' lang='lat' dir='ltr'>her.</span> <span class='ocrx_word' id='word_1_234' title='bbox 1492 1883 1557 1926; x_wconf 85' lang='lat'>15.</span> <span class='ocrx_word' id='word_1_235' title='bbox 1591 1882 1687 1926; x_wconf 81' lang='lat'>249.</span> <span class='ocrx_word' id='word_1_236' title='bbox 1730 1882 1845 1925; x_wconf 86' lang='lat' dir='ltr'>trist.</span> 
     </span>
     <span class='ocr_line' id='line_1_27' title="bbox 193 1952 1848 2007; baseline -0.003 -8"><span class='ocrx_word' id='word_1_237' title='bbox 193 1955 267 2001; x_wconf 93' lang='lat' dir='ltr'>IV.</span> <span class='ocrx_word' id='word_1_238' title='bbox 298 1955 338 1999; x_wconf 88' lang='grc'><strong>8.</strong></span> <span class='ocrx_word' id='word_1_239' title='bbox 373 1956 410 2000; x_wconf 92' lang='grc'>1.</span> <span class='ocrx_word' id='word_1_240' title='bbox 472 1954 714 1997; x_wconf 84' lang='lat' dir='ltr'>Memoratu</span> <span class='ocrx_word' id='word_1_241' title='bbox 756 1954 931 2007; x_wconf 85' lang='lat' dir='ltr'>dignum</span> <span class='ocrx_word' id='word_1_242' title='bbox 974 1952 1079 1995; x_wconf 89' lang='lat' dir='ltr'>mihi</span> <span class='ocrx_word' id='word_1_243' title='bbox 1122 1952 1306 2004; x_wconf 89' lang='lat' dir='ltr'>videtur,</span> <span class='ocrx_word' id='word_1_244' title='bbox 1348 1965 1445 1995; x_wconf 90' lang='lat' dir='ltr'>cum</span> <span class='ocrx_word' id='word_1_245' title='bbox 1489 1953 1631 2005; x_wconf 84' lang='lat' dir='ltr'>imago</span> <span class='ocrx_word' id='word_1_246' title='bbox 1661 1952 1848 2006; x_wconf 83' lang='lat' dir='ltr'>Vergilii</span> 
     </span>
     <span class='ocr_line' id='line_1_28' title="bbox 193 2020 1847 2077; baseline -0.004 -8"><span class='ocrx_word' id='word_1_247' title='bbox 193 2025 318 2069; x_wconf 90' lang='lat' dir='ltr'>modo</span> <span class='ocrx_word' id='word_1_248' title='bbox 348 2024 526 2068; x_wconf 86' lang='lat' dir='ltr'>laudata</span> <span class='ocrx_word' id='word_1_249' title='bbox 546 2023 769 2067; x_wconf 82' lang='lat' dir='ltr'>Galateam</span> <span class='ocrx_word' id='word_1_250' title='bbox 791 2026 970 2077; x_wconf 88' lang='lat' dir='ltr'>spectet,</span> <span class='ocrx_word' id='word_1_251' title='bbox 994 2022 1196 2065; x_wconf 91' lang='lat' dir='ltr'>Ovidium</span> <span class='ocrx_word' id='word_1_252' title='bbox 1217 2022 1527 2076; x_wconf 88' lang='lat' dir='ltr'>Polyphemum</span> <span class='ocrx_word' id='word_1_253' title='bbox 1549 2034 1672 2064; x_wconf 88' lang='lat' dir='ltr'>suum</span> <span class='ocrx_word' id='word_1_254' title='bbox 1703 2020 1847 2064; x_wconf 85' lang='lat' dir='ltr'>facere</span> 
     </span>
     <span class='ocr_line' id='line_1_29' title="bbox 193 2091 1846 2149; baseline -0.003 -11"><span class='ocrx_word' id='word_1_255' title='bbox 193 2097 512 2149; x_wconf 84' lang='lat' dir='ltr'>comparantem</span> <span class='ocrx_word' id='word_1_256' title='bbox 553 2093 780 2136; x_wconf 87' lang='lat' dir='ltr'>candidum</span> <span class='ocrx_word' id='word_1_257' title='bbox 811 2091 1017 2135; x_wconf 86' lang='lat' dir='ltr'>Galateae</span> <span class='ocrx_word' id='word_1_258' title='bbox 1058 2091 1242 2134; x_wconf 89' lang='lat' dir='ltr'>colorem</span> <span class='ocrx_word' id='word_1_259' title='bbox 1273 2091 1388 2146; x_wconf 76' lang='lat' dir='ltr'>folio</span> <span class='ocrx_word' id='word_1_260' title='bbox 1417 2091 1529 2134; x_wconf 76' lang='lat' dir='ltr'>nivei</span> <span class='ocrx_word' id='word_1_261' title='bbox 1558 2091 1761 2146; x_wconf 69' lang='lat' dir='ltr'>liqustris‘,</span> <span class='ocrx_word' id='word_1_262' title='bbox 1794 2091 1846 2133; x_wconf 85' lang='lat' dir='ltr'>de</span> 
     </span>
     <span class='ocr_line' id='line_1_30' title="bbox 193 2159 1849 2219; baseline -0.003 -12"><span class='ocrx_word' id='word_1_263' title='bbox 193 2176 322 2219; x_wconf 88' lang='lat' dir='ltr'>cycno</span> <span class='ocrx_word' id='word_1_264' title='bbox 353 2167 497 2206; x_wconf 87' lang='lat' dir='ltr'>autem</span> <span class='ocrx_word' id='word_1_265' title='bbox 528 2163 636 2205; x_wconf 86' lang='lat' dir='ltr'>hanc</span> <span class='ocrx_word' id='word_1_266' title='bbox 667 2165 935 2215; x_wconf 79' lang='lat' dir='ltr'>mutuantem</span> <span class='ocrx_word' id='word_1_267' title='bbox 966 2161 1199 2214; x_wconf 84' lang='lat' dir='ltr'>imaginem</span> <span class='ocrx_word' id='word_1_268' title='bbox 1230 2165 1330 2203; x_wconf 88' lang='lat' dir='ltr'>met.</span> <span class='ocrx_word' id='word_1_269' title='bbox 1362 2160 1456 2203; x_wconf 90' lang='lat' dir='ltr'><strong>XII.</strong></span> <span class='ocrx_word' id='word_1_270' title='bbox 1490 2160 1574 2203; x_wconf 86' lang='lat'>796</span> <span class='ocrx_word' id='word_1_271' title='bbox 1612 2159 1781 2203; x_wconf 74' lang='lat' dir='ltr'>mollior</span> <span class='ocrx_word' id='word_1_272' title='bbox 1810 2164 1849 2203; x_wconf 76' lang='lat' dir='ltr'>et</span> 
     </span>
     <span class='ocr_line' id='line_1_31' title="bbox 191 2229 1846 2289; baseline -0.003 -13"><span class='ocrx_word' id='word_1_273' title='bbox 191 2234 312 2289; x_wconf 75' lang='lat' dir='ltr'>cycni</span> <span class='ocrx_word' id='word_1_274' title='bbox 332 2232 507 2287; x_wconf 74' lang='lat' dir='ltr'>plumis.</span> <span class='ocrx_word' id='word_1_275' title='bbox 569 2231 655 2275; x_wconf 80' lang='lat' dir='ltr'>Sed</span> <span class='ocrx_word' id='word_1_276' title='bbox 685 2231 955 2274; x_wconf 85' lang='lat' dir='ltr'>notissimum</span> <span class='ocrx_word' id='word_1_277' title='bbox 1001 2230 1044 2272; x_wconf 88' lang='lat' dir='ltr'>id</span> <span class='ocrx_word' id='word_1_278' title='bbox 1090 2242 1224 2283; x_wconf 84' lang='lat' dir='ltr'>genus</span> <span class='ocrx_word' id='word_1_279' title='bbox 1270 2229 1596 2272; x_wconf 87' lang='lat' dir='ltr'>similitudinum</span> <span class='ocrx_word' id='word_1_280' title='bbox 1642 2232 1720 2282; x_wconf 90' lang='lat' dir='ltr'>est,</span> <span class='ocrx_word' id='word_1_281' title='bbox 1763 2242 1846 2283; x_wconf 90' lang='lat' dir='ltr'>quo</span> 
     </span>
     <span class='ocr_line' id='line_1_32' title="bbox 192 2298 1846 2358; baseline -0.003 -12"><span class='ocrx_word' id='word_1_282' title='bbox 192 2303 312 2358; x_wconf 86' lang='lat' dir='ltr'>cycni</span> <span class='ocrx_word' id='word_1_283' title='bbox 343 2306 388 2345; x_wconf 87' lang='lat' dir='ltr'>et</span> <span class='ocrx_word' id='word_1_284' title='bbox 416 2301 622 2345; x_wconf 84' lang='lat' dir='ltr'>lusciniae</span> <span class='ocrx_word' id='word_1_285' title='bbox 652 2301 948 2356; x_wconf 89' lang='lat' dir='ltr'>producuntur</span> <span class='ocrx_word' id='word_1_286' title='bbox 988 2303 1155 2343; x_wconf 85' lang='lat' dir='ltr'>maesta</span> <span class='ocrx_word' id='word_1_287' title='bbox 1185 2299 1377 2342; x_wconf 86' lang='lat' dir='ltr'>carmina</span> <span class='ocrx_word' id='word_1_288' title='bbox 1412 2303 1626 2343; x_wconf 84' lang='lat' dir='ltr'>canentes.</span> <span class='ocrx_word' id='word_1_289' title='bbox 1688 2298 1846 2350; x_wconf 84' lang='lat' dir='ltr'>Quam-</span> 
     </span>
     <span class='ocr_line' id='line_1_33' title="bbox 192 2368 1846 2427; baseline -0.002 -13"><span class='ocrx_word' id='word_1_290' title='bbox 192 2385 319 2427; x_wconf 88' lang='lat' dir='ltr'>quam</span> <span class='ocrx_word' id='word_1_291' title='bbox 350 2371 589 2426; x_wconf 88' lang='lat' dir='ltr'>quindecim</span> <span class='ocrx_word' id='word_1_292' title='bbox 634 2370 1000 2424; x_wconf 86' lang='lat' dir='ltr'>comparationum</span> <span class='ocrx_word' id='word_1_293' title='bbox 1041 2381 1151 2423; x_wconf 84' lang='lat' dir='ltr'>quae</span> <span class='ocrx_word' id='word_1_294' title='bbox 1182 2369 1260 2411; x_wconf 90' lang='lat' dir='ltr'>sub</span> <span class='ocrx_word' id='word_1_295' title='bbox 1292 2368 1370 2411; x_wconf 89' lang='lat' dir='ltr'>hoc</span> <span class='ocrx_word' id='word_1_296' title='bbox 1411 2381 1547 2422; x_wconf 81' lang='lat' dir='ltr'>genus</span> <span class='ocrx_word' id='word_1_297' title='bbox 1576 2368 1846 2411; x_wconf 87' lang='lat' dir='ltr'>reducendae</span> 
     </span>
     <span class='ocr_line' id='line_1_34' title="bbox 191 2438 1843 2494; baseline -0.002 -10"><span class='ocrx_word' id='word_1_298' title='bbox 191 2445 304 2494; x_wconf 89' lang='lat' dir='ltr'>sunt,</span> <span class='ocrx_word' id='word_1_299' title='bbox 337 2453 412 2483; x_wconf 86' lang='lat' dir='ltr'>sex</span> <span class='ocrx_word' id='word_1_300' title='bbox 442 2441 494 2483; x_wconf 85' lang='lat' dir='ltr'>(le</span> <span class='ocrx_word' id='word_1_301' title='bbox 527 2440 712 2494; x_wconf 89' lang='lat' dir='ltr'>querelis</span> <span class='ocrx_word' id='word_1_302' title='bbox 744 2453 827 2482; x_wconf 90' lang='lat' dir='ltr'>non</span> <span class='ocrx_word' id='word_1_303' title='bbox 859 2443 1004 2493; x_wconf 82' lang='lat' dir='ltr'>agunt.</span> <span class='ocrx_word' id='word_1_304' title='bbox 1068 2439 1257 2490; x_wconf 85' lang='lat' dir='ltr'>Quarum</span> <span class='ocrx_word' id='word_1_305' title='bbox 1280 2438 1419 2481; x_wconf 87' lang='lat' dir='ltr'>tribus</span> <span class='ocrx_word' id='word_1_306' title='bbox 1441 2438 1574 2481; x_wconf 84' lang='lat' dir='ltr'>habes</span> <span class='ocrx_word' id='word_1_307' title='bbox 1595 2438 1843 2481; x_wconf 85' lang='lat' dir='ltr'>lusciniam:</span> 
     </span>
     <span class='ocr_line' id='line_1_35' title="bbox 192 2501 1844 2559; baseline -0.005 -8"><span class='ocrx_word' id='word_1_308' title='bbox 192 2511 375 2551; x_wconf 89' lang='lat' dir='ltr'>Simonid.</span> <span class='ocrx_word' id='word_1_309' title='bbox 397 2512 457 2550; x_wconf 87' lang='grc'><strong>73.</strong></span> <span class='ocrx_word' id='word_1_310' title='bbox 486 2501 566 2547; x_wconf 74' lang='grc' dir='ltr'>εὖτ’</span> <span class='ocrx_word' id='word_1_311' title='bbox 594 2506 761 2559; x_wconf 77' lang='grc' dir='ltr'>οἷηὸὀνες</span> <span class='ocrx_word' id='word_1_312' title='bbox 781 2506 1029 2545; x_wconf 77' lang='grc' dir='ltr'>πολυκώτιλοι</span> <span class='ocrx_word' id='word_1_313' title='bbox 1051 2506 1333 2558; x_wconf 74' lang='grc' dir='ltr'>χλωραύχενες</span> <span class='ocrx_word' id='word_1_314' title='bbox 1353 2503 1518 2557; x_wconf 58' lang='lat' dir='ltr'>anparai</span> <span class='ocrx_word' id='word_1_315' title='bbox 1541 2508 1704 2547; x_wconf 81' lang='lat' dir='ltr'>Theocr,</span> <span class='ocrx_word' id='word_1_316' title='bbox 1727 2510 1787 2548; x_wconf 82' lang='grc'>12,</span> <span class='ocrx_word' id='word_1_317' title='bbox 1808 2509 1844 2548; x_wconf 85' lang='grc'>6,</span> 
     </span>
     <span class='ocr_line' id='line_1_36' title="bbox 192 2574 1844 2629; baseline -0.001 -11"><span class='ocrx_word' id='word_1_318' title='bbox 192 2574 311 2618; x_wconf 76' lang='grc' dir='ltr'>ὅσσον</span> <span class='ocrx_word' id='word_1_319' title='bbox 338 2576 474 2629; x_wconf 75' lang='grc' dir='ltr'>ιίηὸιὸν</span> <span class='ocrx_word' id='word_1_320' title='bbox 507 2577 753 2628; x_wconf 65' lang='grc' dir='ltr'>στμπάντων</span> <span class='ocrx_word' id='word_1_321' title='bbox 789 2576 1007 2629; x_wconf 68' lang='grc' dir='ltr'>λιγύφωνυς</span> <span class='ocrx_word' id='word_1_322' title='bbox 1034 2575 1248 2627; x_wconf 55' lang='lat' dir='ltr'>detentam</span> <span class='ocrx_word' id='word_1_323' title='bbox 1286 2576 1502 2626; x_wconf 73' lang='grc' dir='ltr'><strong>πετεηνῶν.</strong></span> <span class='ocrx_word' id='word_1_324' title='bbox 1555 2578 1727 2626; x_wconf 83' lang='lat' dir='ltr'>Theogn.</span> <span class='ocrx_word' id='word_1_325' title='bbox 1756 2579 1844 2617; x_wconf 86' lang='lat'><strong>939.</strong></span> 
     </span>
     <span class='ocr_line' id='line_1_37' title="bbox 192 2641 1845 2702; baseline -0.002 -17"><span class='ocrx_word' id='word_1_326' title='bbox 192 2661 238 2687; x_wconf 88' lang='grc' dir='ltr'>ου</span> <span class='ocrx_word' id='word_1_327' title='bbox 266 2645 440 2697; x_wconf 80' lang='grc' dir='ltr'>δύναμαι</span> <span class='ocrx_word' id='word_1_328' title='bbox 479 2647 596 2702; x_wconf 75' lang='grc' dir='ltr'>φωνῆ</span> <span class='ocrx_word' id='word_1_329' title='bbox 640 2643 701 2698; x_wconf 68' lang='lat' dir='ltr'>My</span> <span class='ocrx_word' id='word_1_330' title='bbox 753 2642 938 2696; x_wconf 75' lang='grc' dir='ltr'>(ἰειὸέμεν</span> <span class='ocrx_word' id='word_1_331' title='bbox 980 2641 1115 2696; x_wconf 65' lang='grc' dir='ltr'><em>ὥσπερ</em></span> <span class='ocrx_word' id='word_1_332' title='bbox 1150 2644 1298 2696; x_wconf 58' lang='lat' dir='ltr'>(induit,</span> <span class='ocrx_word' id='word_1_333' title='bbox 1339 2643 1401 2684; x_wconf 76' lang='grc' dir='ltr'>καὶ</span> <span class='ocrx_word' id='word_1_334' title='bbox 1433 2644 1509 2696; x_wconf 67' lang='lat' dir='ltr'>yde</span> <span class='ocrx_word' id='word_1_335' title='bbox 1544 2659 1617 2695; x_wconf 81' lang='grc' dir='ltr'>την</span> <span class='ocrx_word' id='word_1_336' title='bbox 1650 2642 1845 2696; x_wconf 76' lang='grc' dir='ltr'>προτέρηι</span> 
     </span>
     <span class='ocr_line' id='line_1_38' title="bbox 194 2711 1845 2767; baseline -0.002 -12"><span class='ocrx_word' id='word_1_337' title='bbox 194 2716 296 2755; x_wconf 79' lang='grc' dir='ltr'>νίκτ’</span> <span class='ocrx_word' id='word_1_338' title='bbox 325 2713 389 2754; x_wconf 73' lang='grc' dir='ltr'>ἐπὶ</span> <span class='ocrx_word' id='word_1_339' title='bbox 424 2717 561 2766; x_wconf 77' lang='grc' dir='ltr'><strong><em>κῶμοι</em></strong></span> <span class='ocrx_word' id='word_1_340' title='bbox 599 2712 706 2767; x_wconf 72' lang='grc' dir='ltr'><strong>ὲβηι.</strong></span> <span class='ocrx_word' id='word_1_341' title='bbox 747 2717 871 2756; x_wconf 84' lang='lat' dir='ltr'>tiibus</span> <span class='ocrx_word' id='word_1_342' title='bbox 899 2729 1078 2766; x_wconf 80' lang='lat' dir='ltr'>cytcnum</span> <span class='ocrx_word' id='word_1_343' title='bbox 1120 2718 1268 2756; x_wconf 86' lang='lat' dir='ltr'>Pratin.</span> <span class='ocrx_word' id='word_1_344' title='bbox 1300 2717 1333 2756; x_wconf 90' lang='lat'>1.</span> <span class='ocrx_word' id='word_1_345' title='bbox 1363 2718 1397 2755; x_wconf 88' lang='lat'>5</span> <span class='ocrx_word' id='word_1_346' title='bbox 1440 2711 1513 2764; x_wconf 64' lang='grc' dir='ltr'>ἐμὲ</span> <span class='ocrx_word' id='word_1_347' title='bbox 1557 2712 1619 2752; x_wconf 71' lang='grc' dir='ltr'>δεῖ</span> <span class='ocrx_word' id='word_1_348' title='bbox 1653 2711 1845 2762; x_wconf 76' lang='grc' dir='ltr'><em>κελαδεῖν,</em></span> 
     </span>
     <span class='ocr_line' id='line_1_39' title="bbox 191 2777 1845 2836; baseline -0.001 -13"><span class='ocrx_word' id='word_1_349' title='bbox 191 2782 263 2836; x_wconf 65' lang='grc' dir='ltr'>ἐμὲ</span> <span class='ocrx_word' id='word_1_350' title='bbox 293 2783 356 2823; x_wconf 79' lang='grc' dir='ltr'>δεῖ</span> <span class='ocrx_word' id='word_1_351' title='bbox 380 2787 572 2836; x_wconf 79' lang='grc' dir='ltr'><em>παταγεῖι</em></span> <span class='ocrx_word' id='word_1_352' title='bbox 600 2783 661 2823; x_wconf 70' lang='grc' dir='ltr'>(ἶν’</span> <span class='ocrx_word' id='word_1_353' title='bbox 691 2780 784 2835; x_wconf 74' lang='grc' dir='ltr'>ὄρεα</span> <span class='ocrx_word' id='word_1_354' title='bbox 816 2784 994 2834; x_wconf 71' lang='grc' dir='ltr'>θιμενον</span> <span class='ocrx_word' id='word_1_355' title='bbox 1011 2783 1117 2834; x_wconf 65' lang='grc' dir='ltr'>μετὰ</span> <span class='ocrx_word' id='word_1_356' title='bbox 1140 2781 1337 2822; x_wconf 70' lang='grc' dir='ltr'>Ναὶὶὶδ(ι’)ι</span> <span class='ocrx_word' id='word_1_357' title='bbox 1364 2777 1430 2822; x_wconf 77' lang='grc' dir='ltr'>οιά</span> <span class='ocrx_word' id='word_1_358' title='bbox 1459 2797 1502 2821; x_wconf 78' lang='grc' dir='ltr'>τε</span> <span class='ocrx_word' id='word_1_359' title='bbox 1529 2782 1669 2822; x_wconf 78' lang='grc' dir='ltr'>κύκνον</span> <span class='ocrx_word' id='word_1_360' title='bbox 1696 2778 1845 2835; x_wconf 72' lang='grc' dir='ltr'>ἄγοντα</span> 
     </span>
     <span class='ocr_line' id='line_1_40' title="bbox 191 2855 1846 2910; baseline 0 -12"><span class='ocrx_word' id='word_1_361' title='bbox 191 2857 481 2910; x_wconf 72' lang='grc' dir='ltr'>ποικιλοπτέρυν</span> <span class='ocrx_word' id='word_1_362' title='bbox 517 2856 645 2910; x_wconf 80' lang='grc' dir='ltr'><strong>μέλος.</strong></span> <span class='ocrx_word' id='word_1_363' title='bbox 700 2856 830 2909; x_wconf 80' lang='lat' dir='ltr'>Verg.</span> <span class='ocrx_word' id='word_1_364' title='bbox 854 2856 959 2898; x_wconf 86' lang='lat' dir='ltr'>Aen.</span> <span class='ocrx_word' id='word_1_365' title='bbox 982 2855 1074 2898; x_wconf 91' lang='lat' dir='ltr'>VII.</span> <span class='ocrx_word' id='word_1_366' title='bbox 1099 2856 1193 2899; x_wconf 82' lang='lat'>702</span> <span class='ocrx_word' id='word_1_367' title='bbox 1219 2869 1291 2898; x_wconf 80' lang='lat' dir='ltr'>ceu</span> <span class='ocrx_word' id='word_1_368' title='bbox 1311 2855 1523 2910; x_wconf 76' lang='lat' dir='ltr'>quondam</span> <span class='ocrx_word' id='word_1_369' title='bbox 1550 2855 1661 2897; x_wconf 72' lang='lat' dir='ltr'>nivel</span> <span class='ocrx_word' id='word_1_370' title='bbox 1681 2855 1846 2910; x_wconf 76' lang='lat' dir='ltr'>liquida</span> 
     </span>
     <span class='ocr_line' id='line_1_41' title="bbox 192 2924 1846 2981; baseline -0.002 -12"><span class='ocrx_word' id='word_1_371' title='bbox 192 2927 303 2969; x_wconf 75' lang='lat' dir='ltr'>inter</span> <span class='ocrx_word' id='word_1_372' title='bbox 329 2926 512 2978; x_wconf 77' lang='lat' dir='ltr'>flumina</span> <span class='ocrx_word' id='word_1_373' title='bbox 542 2926 659 2981; x_wconf 75' lang='lat' dir='ltr'>cycni</span> <span class='ocrx_word' id='word_1_374' title='bbox 680 2939 773 2968; x_wconf 78' lang='lat' dir='ltr'>cum</span> <span class='ocrx_word' id='word_1_375' title='bbox 802 2938 889 2968; x_wconf 81' lang='lat' dir='ltr'>sese</span> <span class='ocrx_word' id='word_1_376' title='bbox 910 2939 930 2968; x_wconf 85' lang='lat' dir='ltr'>e</span> <span class='ocrx_word' id='word_1_377' title='bbox 943 2928 1076 2979; x_wconf 75' lang='lat' dir='ltr'>pastu</span> <span class='ocrx_word' id='word_1_378' title='bbox 1106 2926 1294 2980; x_wconf 75' lang='lat' dir='ltr'>referunt</span> <span class='ocrx_word' id='word_1_379' title='bbox 1322 2928 1361 2967; x_wconf 75' lang='lat' dir='ltr'>et</span> <span class='ocrx_word' id='word_1_380' title='bbox 1390 2925 1515 2979; x_wconf 65' lang='lat' dir='ltr'>longa</span> <span class='ocrx_word' id='word_1_381' title='bbox 1535 2937 1712 2967; x_wconf 76' lang='lat' dir='ltr'>canoros</span> <span class='ocrx_word' id='word_1_382' title='bbox 1742 2924 1846 2967; x_wconf 76' lang='lat' dir='ltr'>dant</span> 
     </span>
     <span class='ocr_line' id='line_1_42' title="bbox 183 2993 1842 3051; baseline -0.001 -13"><span class='ocrx_word' id='word_1_383' title='bbox 183 3009 266 3051; x_wconf 77' lang='lat' dir='ltr'>per</span> <span class='ocrx_word' id='word_1_384' title='bbox 296 2995 402 3038; x_wconf 87' lang='lat' dir='ltr'>colla</span> <span class='ocrx_word' id='word_1_385' title='bbox 448 2995 605 3047; x_wconf 81' lang='lat' dir='ltr'>modos,</span> <span class='ocrx_word' id='word_1_386' title='bbox 652 2998 775 3038; x_wconf 69' lang='lat' dir='ltr'>sonat</span> <span class='ocrx_word' id='word_1_387' title='bbox 819 2996 959 3038; x_wconf 58' lang='lat' dir='ltr'>arronis</span> <span class='ocrx_word' id='word_1_388' title='bbox 989 2998 1027 3037; x_wconf 77' lang='lat' dir='ltr'>et</span> <span class='ocrx_word' id='word_1_389' title='bbox 1056 2994 1181 3046; x_wconf 79' lang='lat' dir='ltr'>Asia,</span> <span class='ocrx_word' id='word_1_390' title='bbox 1227 2994 1382 3049; x_wconf 63' lang='lat' dir='ltr'>longos,</span> <span class='ocrx_word' id='word_1_391' title='bbox 1422 2994 1555 3048; x_wconf 75' lang='lat' dir='ltr'>pulsa</span> <span class='ocrx_word' id='word_1_392' title='bbox 1591 2993 1725 3047; x_wconf 77' lang='lat' dir='ltr'>palus</span> <span class='ocrx_word' id='word_1_393' title='bbox 1770 2994 1842 3036; x_wconf 90' lang='lat' dir='ltr'>ubi</span> 
     </span>
     <span class='ocr_line' id='line_1_43' title="bbox 191 3062 1842 3119; baseline -0.002 -12"><span class='ocrx_word' id='word_1_394' title='bbox 191 3068 321 3119; x_wconf 83' lang='lat' dir='ltr'>poeta</span> <span class='ocrx_word' id='word_1_395' title='bbox 351 3077 502 3118; x_wconf 90' lang='lat' dir='ltr'>cycnos</span> <span class='ocrx_word' id='word_1_396' title='bbox 533 3065 677 3118; x_wconf 85' lang='lat' dir='ltr'>posuit</span> <span class='ocrx_word' id='word_1_397' title='bbox 716 3077 795 3118; x_wconf 85' lang='lat' dir='ltr'>pro</span> <span class='ocrx_word' id='word_1_398' title='bbox 826 3064 990 3116; x_wconf 85' lang='lat' dir='ltr'>avibus,</span> <span class='ocrx_word' id='word_1_399' title='bbox 1034 3077 1139 3119; x_wconf 87' lang='lat' dir='ltr'>quas</span> <span class='ocrx_word' id='word_1_400' title='bbox 1171 3064 1423 3119; x_wconf 87' lang='lat' dir='ltr'>simpliciter</span> <span class='ocrx_word' id='word_1_401' title='bbox 1466 3062 1596 3106; x_wconf 89' lang='lat' dir='ltr'>habet</span> <span class='ocrx_word' id='word_1_402' title='bbox 1626 3063 1842 3105; x_wconf 89' lang='lat' dir='ltr'>Homerus</span> 
     </span>
     <span class='ocr_line' id='line_1_44' title="bbox 191 3129 1844 3190; baseline -0.001 -14"><span class='ocrx_word' id='word_1_403' title='bbox 191 3138 224 3176; x_wconf 86' lang='grc' dir='ltr'><strong>λ.</strong></span> <span class='ocrx_word' id='word_1_404' title='bbox 252 3139 341 3179; x_wconf 87' lang='grc'><strong>605.</strong></span> <span class='ocrx_word' id='word_1_405' title='bbox 369 3136 476 3190; x_wconf 51' lang='lat' dir='ltr'>diersa)</span> <span class='ocrx_word' id='word_1_406' title='bbox 503 3134 546 3176; x_wconf 80' lang='grc' dir='ltr'>δέ</span> <span class='ocrx_word' id='word_1_407' title='bbox 571 3152 640 3189; x_wconf 81' lang='grc' dir='ltr'>μιν</span> <span class='ocrx_word' id='word_1_408' title='bbox 667 3137 815 3190; x_wconf 74' lang='grc' dir='ltr'><em>κλαγγὴ</em></span> <span class='ocrx_word' id='word_1_409' title='bbox 846 3133 990 3177; x_wconf 68' lang='grc' dir='ltr'>νέκυων</span> <span class='ocrx_word' id='word_1_410' title='bbox 1017 3129 1066 3189; x_wconf 80' lang='grc' dir='ltr'>ἦν</span> <span class='ocrx_word' id='word_1_411' title='bbox 1093 3135 1243 3175; x_wconf 74' lang='grc' dir='ltr'>οἰωνῶν</span> <span class='ocrx_word' id='word_1_412' title='bbox 1270 3132 1323 3185; x_wconf 70' lang='grc' dir='ltr'>(ὃς</span> <span class='ocrx_word' id='word_1_413' title='bbox 1367 3136 1483 3175; x_wconf 68' lang='grc'><strong>613-</strong></span> <span class='ocrx_word' id='word_1_414' title='bbox 1505 3132 1539 3176; x_wconf 86' lang='lat' dir='ltr'>Si</span> <span class='ocrx_word' id='word_1_415' title='bbox 1570 3131 1681 3176; x_wconf 82' lang='lat' dir='ltr'>hunc</span> <span class='ocrx_word' id='word_1_416' title='bbox 1702 3131 1844 3174; x_wconf 81' lang='lat' dir='ltr'>locum</span> 
     </span>
    </p>
   </div>
  </div>
 </body>
</html>
