2086 3470
888 179 1176 223 -25-

516 375 519 377 Β
550 318 683 373 fervet
711 318 1016 373 immensusque
1046 318 1134 360 ruit
1156 316 1376 372 profundo

689 387 910 430 Pindarus
941 401 1021 430 ore.

208 455 270 499 Id.
302 469 336 499 c.
370 456 440 499 IV.
467 457 532 499 14.
566 457 621 500 25
651 457 716 499 sic
746 457 1013 511 tauriformis
1043 456 1224 498 ‘colo-itur
1252 455 1450 510 Aufidus,

651 526 725 580 qui
754 539 882 580 reyna
914 523 1066 567 Dauni
1089 525 1295 578 praefluit
1323 524 1472 578 Apuli,

757 607 850 636 cum
880 595 1012 636 saevit
1041 594 1375 648 horrendamque
1405 594 1528 637 cultis

757 663 955 706 diluviem
984 663 1211 706 meditat-ur
1241 664 1371 718 ayris.

209 731 286 775 Ov.
309 745 391 775 ain.
414 732 446 775 I.
471 733 507 775 7.
531 732 600 776 43.
633 733 809 787 denique
823 734 864 776 si
878 733 1031 776 tumidi
1045 735 1133 776 ritu
1149 736 1347 776 torrentis
1362 733 1535 786 agebar.
1568 736 1667 777 met.
1684 733 1757 775 111.
1776 732 1861 775 568

412 803 474 844 sic
503 815 576 856 eyo
607 805 842 856 torrentem,
875 817 960 857 qua
988 803 1052 846 auc
1082 802 1274 846 obstabat
1304 804 1418 845 eunti
1463 820 1465 822 ¹

415 871 552 914 lenius
580 873 619 914 et
647 870 808 915 modico
839 874 1017 927 strepitu
1047 872 1267 915 decurrere
1296 872 1396 924 vidi,

418 944 464 983 at
491 953 738 995 quacunque
767 941 907 984 trabes
938 941 1229 995 obstructaque
1257 955 1366 984 saxu
1397 941 1599 995 tenebunt,

413 1024 612 1064 spumeus
641 1014 679 1053 et
706 1011 872 1065 fervens
902 1014 941 1053 et
969 1010 1021 1053 ab
1053 1011 1163 1054 obice
1192 1012 1358 1053 saevior
1387 1010 1486 1053 ibat.

208 1078 322 1122 Fast.
355 1079 410 1121 ΙΙ.
441 1079 550 1122 219:
582 1092 670 1124 ecce
698 1080 810 1123 velut
839 1084 1002 1122 torrens
1030 1080 1158 1123 undis
1180 1079 1447 1134 pluvialibus
1477 1083 1626 1122 auctus

583 1153 658 1191 aut
686 1150 791 1201 uice,
825 1164 930 1204 quae
960 1149 1153 1203 Zephyro
1184 1150 1294 1191 victa
1325 1153 1479 1202 tepente
1509 1149 1619 1202 fluit,

573 1233 656 1273 per
685 1223 782 1262 sata
803 1233 963 1273 perque
986 1220 1078 1261 ‘vias
1105 1220 1245 1274 fertur
1274 1231 1359 1271 uec,
1392 1222 1439 1261 ut
1468 1222 1563 1261 aute
1593 1218 1762 1270 solebat,

581 1290 779 1342 riparum
809 1288 978 1331 clausa-s
1007 1289 1198 1343 mareiae.
1225 1289 1323 1342 finit
1352 1302 1488 1343 aquas
1520 1325 1528 1332 .
1563 1322 1571 1330 .

209 1357 338 1410 Verg.
370 1357 446 1400 ecl.
491 1358 528 1400 7.
561 1358 629 1400 52.
671 1357 738 1400 hic
778 1361 940 1400 tautum
977 1356 1143 1399 Boreae
1188 1370 1385 1400 curamus
1437 1359 1617 1413 firiyora,
1661 1361 1864 1412 qucmtum

690 1464 697 1472 .
732 1461 741 1469 .
774 1430 977 1469 torrentia
1017 1427 1199 1480 flumina
1241 1428 1375 1481 ripas,

209 1494 313 1540 Aen.
347 1496 399 1538 Π.
421 1495 518 1539 305.
552 1496 701 1550 (veluti
731 1495 845 1550 cum)
877 1495 1058 1550 rapidus
1087 1499 1284 1539 montano
1313 1498 1487 1549 [limine
1517 1501 1680 1540 torrens

552 1567 703 1608 sternit
731 1579 869 1621 (tyros,
902 1567 1051 1608 sternit
1080 1569 1177 1608 sata
1208 1566 1318 1608 laeta
1348 1566 1550 1621 boumque
1581 1566 1755 1617 labores,

544 1636 882 1690 praecipitesque
913 1634 1044 1677 trahit
1071 1635 1226 1678 siloas:
1257 1639 1395 1688 stupet
1423 1636 1582 1678 inscius
1613 1636 1697 1678 alto

554 1706 762 1759 accipiens
791 1706 975 1747 sonitum
1004 1706 1103 1747 saoei
1133 1705 1182 1747 de
1213 1706 1362 1747 vertice
1383 1709 1547 1759 pastor.

210 1773 310 1817 ibid.
341 1774 439 1816 496.
549 1788 632 1817 uon
661 1775 723 1817 sic
753 1774 977 1829 ayyeribus
1005 1776 1145 1828 ruptis
1175 1787 1269 1817 cami
1299 1788 1497 1828 spumeus
1528 1775 1667 1817 (inanis

555 1844 639 1886 escit
667 1844 964 1898 appositasque
993 1845 1114 1886 evicit
1139 1845 1304 1898 9uryite
1333 1844 1471 1895 moles,

549 1914 688 1967 fertur
717 1914 763 1954 iu
793 1926 899 1955 arca
926 1914 1076 1968 furens
1106 1913 1270 1956 cumulo
1302 1927 1546 1967 composque
1568 1927 1651 1968 per
1681 1927 1820 1956 omncs

554 1995 647 2024 cum
676 1982 856 2024 stabulis
887 1986 1079 2024 armenta
1099 1982 1240 2025 trahit.

211 2050 312 2094 ibid.
345 2051 397 2094 X.
430 2051 527 2094 603.
556 2051 660 2094 talia
686 2065 765 2105 per
795 2065 964 2105 campos
993 2051 1138 2094 edebat
1164 2053 1320 2106 funera
1350 2052 1495 2095 ductor

554 2120 822 2173 Dardanius,
856 2122 1053 2164 torrentis
1083 2122 1311 2175 aquaevel
1341 2122 1524 2165 turbinis
1555 2124 1641 2165 atri

552 2204 667 2233 more
685 2191 856 2246 furens.

214 2258 315 2302 ibid.
347 2259 419 2302 XI.
452 2259 549 2303 297.
859 2274 930 2303 ceu
959 2275 1066 2302 sara
1095 2265 1317 2304 morantur

555 2343 648 2371 cum
677 2330 853 2384 rapidos
884 2343 1039 2382 amnes,
1069 2331 1120 2384 fet
1148 2331 1290 2374 clauso
1319 2332 1484 2386 9uryite
1512 2345 1707 2373 mmmm·

553 2400 796 2453 vicinaeque
822 2400 1010 2454 fremunt
1038 2401 1160 2454 ripae
1190 2401 1491 2454 crepitantibus
1519 2400 1659 2443 undis.

213 2466 406 2510 Grandia
444 2468 574 2510 etiam
616 2467 792 2511 flumina
832 2469 936 2512 rivis
979 2469 1125 2512 multis
1166 2470 1335 2512 tenuari
1377 2469 1555 2512 Ovidius
1597 2469 1728 2512 habet
1759 2481 1863 2514 rem.

212 2547 294 2579 am.
325 2535 411 2580 445
441 2540 488 2579 et
517 2550 673 2592 aquam
705 2538 757 2580 de
788 2537 961 2580 flumine
992 2542 1236 2581 manantem
1268 2539 1311 2581 in
1343 2551 1470 2592 agros
1502 2538 1602 2583 ibid.
1634 2538 1730 2582 617.

349 2605 552 2650 Imbres.
613 2606 759 2659 Umor,
808 2619 933 2661 quem
964 2607 1184 2661 Vergilius
1228 2608 1407 2661 respicit
1446 2608 1523 2652 ecl.
1566 2607 1605 2650 3.
1639 2608 1706 2650 82.
1750 2607 1868 2650 dulce

211 2676 320 2718 satis
348 2689 471 2718 umor
491 2676 544 2719 de
564 2677 780 2729 rigatione
801 2689 1002 2730 agrorum
1027 2677 1332 2730 intelligendus
1353 2680 1430 2730 est,
1454 2690 1549 2720 cum
1571 2677 1714 2731 paullo
1737 2681 1867 2720 antea

213 2744 266 2786 de
297 2743 432 2787 imbre
464 2745 623 2788 dixerit
643 2745 744 2790 ibid.
770 2746 826 2789 80
857 2747 986 2789 triste.
1018 2748 1203 2789 maturis
1237 2747 1437 2802 fruyibus
1466 2746 1632 2789 imbres.
1694 2746 1866 2789 Etenim

213 2825 430 2867 nunquam
461 2814 503 2856 in
534 2814 886 2857 similitudinibus
918 2815 1076 2858 nostris
1115 2815 1222 2858 lenis
1253 2815 1387 2870 pluvii
1418 2814 1467 2858 fit.
1498 2816 1671 2867 mentio,
1691 2814 1744 2869 35)
1777 2829 1861 2870 quo

351 2939 397 2983 ³⁶)
423 2949 518 2982 quae
544 2939 655 2974 etiam
674 2941 779 2975 extra
797 2939 967 2986 exempla
992 2952 1176 2985 nusquam
1201 2941 1398 2976 invenitur.
1448 2941 1502 2976 Ne
1519 2940 1687 2976 Tibullus
1704 2941 1868 2985 quidem,

214 2994 278 3038 qui
302 2997 358 3030 est
382 2994 566 3040 plurimus
590 2996 628 3031 in
662 2996 807 3043 gaudiis
832 2998 982 3033 rusticis
1014 2998 1222 3044 pingendis,
1260 3009 1345 3033 eum
1371 3009 1547 3044 cognosse
1573 2998 1729 3035 videtur.
1768 2999 1794 3033 Ι,
1821 2999 1866 3033 47

213 3052 278 3087 ubi
303 3055 582 3098 commemorat,
608 3065 720 3098 quam
747 3053 854 3090 dulce
888 3055 945 3099 sit,
982 3055 1100 3090 imbre
1138 3056 1292 3091 cadente
1330 3055 1527 3101 consopiri,
1555 3056 1654 3099 quod
1683 3055 1862 3102 „gelidaff

214 3110 371 3146 seorsim
395 3111 516 3156 primo
541 3111 623 3147 loco
641 3111 846 3156 collocavit,
872 3114 1065 3157 monstrat,
1084 3124 1157 3149 non
1175 3116 1253 3148 tam
1280 3113 1439 3148 imbrem
1465 3125 1551 3148 eum
1578 3113 1734 3157 invasse,
1754 3125 1867 3157 quam

216 3168 285 3203 sub
311 3170 412 3204 tecto
439 3179 528 3212 esse,
555 3180 642 3204 cum
666 3169 786 3204 imber
809 3169 953 3216 gelidus
978 3170 1096 3207 cadat.
