2086 3470
874 177 1161 224 ...49ss

193 314 381 373 φαίδιμος
406 317 488 368 ὖιός
510 318 654 372 ἀνδρὸς
680 318 745 359 ὑπ’
773 320 993 360 οὐτιδανοῖο
1020 318 1120 361 λέων
1147 318 1281 370 aiga&
1310 321 1387 361 ὑπὸ
1416 323 1568 375 νεβροῦ.
1600 316 1714 373 Loci,
1738 328 1845 375 quOS

193 386 308 440 apud
338 385 494 429 latinos
526 387 680 439 inveni,
712 386 754 429 hi
786 391 908 430 sunt:
951 387 1082 441 Verg.
1116 388 1192 433 ecl.
1225 389 1264 431 3.
1296 389 1365 433 80.
1399 390 1502 432 Aen.
1536 389 1609 432 IX.
1643 390 1711 443 59,
1743 390 1842 442 339,

192 454 290 508 565,
323 455 419 499 730.
450 455 502 498 X.
536 455 631 499 723.
664 455 767 498 Hor.
800 467 834 500 e.
868 455 944 499 III.
980 457 1046 507 11,
1077 457 1147 499 41.
1181 456 1257 500 Ov.
1291 461 1392 502 met.
1426 458 1475 500 V.
1507 458 1604 502 626.
1639 459 1711 502 VI.
1744 459 1842 502 636.

193 524 306 568 trist.
339 524 372 567 I.
404 524 445 568 6.
477 525 517 569 9.
565 524 679 569 Fast.
712 524 764 567 ΙΙ.
797 524 895 569 209.
930 525 1025 568 799.
1088 526 1145 568 At
1176 526 1343 568 leonem
1376 539 1458 569 non
1490 539 1660 582 semper
1691 528 1845 571 caedes

193 593 461 636 committere
492 594 576 636 iam
599 593 814 646 Theognis
835 593 1054 636 contendit
1074 594 1170 637 293.
1201 597 1292 637 οὐδὲ
1320 595 1420 638 λέων
1447 598 1524 637 αἰεὶ
1543 597 1636 651 κρέα
1657 598 1833 639 δαίνυται

192 664 294 706 ἄλλά
319 680 391 717 μιν
414 661 545 718 ἔμπης
571 665 635 704 καὶ
669 666 860 717 κρατερόν
895 680 970 718 περ
1005 665 1107 706 ἐόντ’
1146 666 1263 719 dyas?
1294 666 1503 720 ἀμηχανίη
1563 670 1606 708 et
1667 666 1845 709 Ovidius

192 743 289 775 enm
320 734 500 786 opponit
529 745 629 775 urso
660 732 846 786 lupoque
877 733 990 777 trist.
1023 732 1098 775 III.
1131 734 1170 777 5.
1203 733 1271 776 33.

427 814 605 856 corpora
636 802 907 856 maynanimo
937 803 1046 844 satis
1075 805 1136 844 est
1156 806 1404 856 prostrasse
1435 803 1570 855 leoni,-

459 884 611 926 puyna
639 885 764 914 suum
790 872 929 925 finem,
962 884 1056 913 cum
1086 872 1193 914 iacet
1222 871 1368 924 hostis,
1400 872 1544 915 habet:

428 943 474 982 at
502 940 628 994 lupus
658 943 697 983 et
726 944 869 994 turpes
897 941 1059 983 instant
1087 941 1361 984 morientibus
1390 942 1484 984 arsi

467 1012 507 1052 ct
535 1023 804 1064 quaecunque
832 1011 972 1052 minor
1001 1010 1217 1053 nobilitate
1244 1011 1352 1065 fera.

191 1089 336 1144 Lupos
367 1102 582 1144 nunquam
614 1090 731 1133 sitim
763 1091 982 1144 sanguinis
1022 1091 1244 1145 explentes
1275 1091 1396 1134 vides
1430 1092 1559 1145 Verg.
1592 1093 1668 1136 ecl.
1704 1094 1741 1136 7.
1774 1095 1843 1139 51.

191 1157 260 1202 hic
301 1162 462 1202 tantum
504 1159 673 1203 Boreae
718 1173 918 1202 curamus
960 1161 1141 1216 friam-a,
1183 1164 1395 1215 ‘quantum
1439 1176 1661 1205 numeru-m
1705 1163 1844 1216 lupus.

193 1227 270 1270 Ov.
303 1241 384 1271 am.
416 1229 449 1271 I.
481 1229 520 1271 8.
553 1229 622 1272 56.
647 1229 779 1282 plena
809 1231 917 1272 veni-t
954 1229 1071 1271 canis
1102 1229 1152 1271 de
1179 1244 1302 1285 yreye
1323 1231 1494 1283 praeda
1523 1231 1646 1284 lapis.
1690 1244 1727 1275 a.
1761 1245 1843 1277 am.

191 1296 266 1340 ΙΙΙ.
297 1297 397 1340 419.
429 1297 488 1340 ad
514 1298 672 1340 multas
702 1298 803 1351 lupa
833 1299 961 1341 tendit
992 1312 1094 1350 ores,
1119 1299 1351 1352 praedetur
1379 1303 1426 1341 at
1454 1314 1597 1342 unam.
1630 1301 1710 1343 Ubi
1742 1315 1844 1345 vero

192 1378 348 1420 agnam
378 1370 599 1420 ceperunt,
632 1379 848 1421 nunquam
881 1380 973 1409 eam
1005 1367 1244 1418 dimittunt,
1278 1372 1326 1411 nt
1356 1358 1457 1411 oves
1489 1370 1619 1412 etiam
1650 1369 1845 1412 faucibus

191 1435 390 1490 luporum
422 1447 626 1480 excussae
658 1449 828 1490 semper
859 1449 931 1479 eos
962 1437 1164 1479 timeant:
1207 1437 1267 1479 sic
1298 1441 1366 1480 est
1397 1437 1474 1482 Ov.
1508 1442 1608 1481 met.
1645 1439 1712 1482 VI.
1745 1440 1844 1490 527,

190 1504 268 1547 illa
295 1504 444 1556 tranit,
484 1505 594 1547 velut
633 1519 745 1559 ayfna
767 1520 942 1558 parens,
983 1520 1090 1560 quae
1130 1508 1277 1549 saucia
1317 1507 1413 1548 omn·
1453 1521 1522 1549 ore
1551 1521 1726 1550 excussa
1756 1509 1846 1562 lupi

190 1573 377 1616 mondum
421 1573 502 1616 sib-i
545 1577 635 1616 tuta
677 1575 852 1618 videtur.
904 1576 1018 1620 trist.
1053 1576 1084 1618 I.
1119 1576 1156 1618 1.
1191 1577 1257 1620 77.
1308 1590 1381 1617 nec
1412 1577 1565 1629 procul
1606 1592 1631 1618 a
1663 1578 1843 1621 stabulis

192 1642 318 1686 audet
345 1642 552 1686 discedere
581 1643 620 1685 si
649 1657 733 1698 qua
764 1657 939 1686 excussa
970 1647 1029 1688 est
1059 1644 1197 1686 aridis
1226 1645 1418 1687 (lendibus
1450 1660 1562 1700 aqua
1593 1647 1694 1699 lupi.

329 1712 482 1755 Restat
511 1716 559 1755 ut
588 1725 747 1766 paucos
777 1712 953 1756 afferam
980 1714 1108 1765 locos,
1140 1713 1293 1768 quibus
1323 1716 1437 1757 tauri
1468 1721 1841 1760 commemorat-ur.

192 1781 253 1823 Ac
284 1781 468 1835 primum
501 1782 672 1836 quidem
713 1787 885 1824 taurum
925 1795 1019 1825 cum
1062 1783 1184 1826 leone
1216 1788 1479 1838 pugnantem
1511 1809 1568 1815 —
1603 1789 1644 1827 Il
1672 1787 1758 1830 487
1791 1811 1843 1817 —

192 1862 300 1893 unus
330 1849 436 1893 facit
467 1851 684 1904 Vergilius
716 1852 820 1894 Aen.
853 1852 904 1894 Χ.
921 1852 1020 1904 454,
1053 1852 1171 1894 Idem
1204 1852 1335 1896 habet
1365 1857 1540 1896 taurum
1571 1855 1625 1897 ad
1655 1868 1844 1909 pugnam

191 1931 238 1963 se
267 1923 491 1974 parantem
526 1920 628 1963 Aen.
661 1920 754 1963 XII.
780 1920 862 1964 103
895 1925 938 1963 et
968 1925 1117 1964 tauros
1140 1922 1253 1964 inter
1284 1935 1329 1965 se
1361 1927 1603 1976 pugnantes
1636 1923 1738 1968 ibid.
1761 1926 1844 1968 715

191 2001 300 2044 quae
331 1989 473 2044 imago
519 1989 650 2032 etiam
694 1990 808 2044 apud
840 1989 1038 2033 Ovidium
1080 1995 1146 2034 est
1186 1996 1274 2034 met
1316 1992 1388 2034 IX.
1421 1992 1490 2035 46.
1554 1993 1722 2036 Taurus
1753 2007 1844 2038 cra-

189 2058 394 2102 bronibus
434 2063 611 2102 vexatus
658 2063 759 2102 met.
804 2060 876 2104 XI.
909 2060 996 2103 334
1034 2061 1289 2104 Daedalioni
1331 2066 1608 2116 comparatur
1650 2063 1694 2105 in
1725 2076 1844 2106 mare

190 2128 359 2171 ruenti:
403 2129 564 2171 concita
601 2129 790 2171 membra
829 2130 958 2184 faescyae
997 2129 1176 2172 mandat
1211 2130 1449 2185 similisque
1478 2133 1650 2175 iuvenco
1679 2134 1845 2186 spicula

189 2196 442 2240 crabronum
464 2211 621 2251 pressa
650 2199 805 2241 cervice
831 2200 1003 2253 (serenti,
1027 2213 1112 2253 qua
1143 2200 1213 2242 via
1242 2199 1380 2253 nulla,
1412 2201 1513 2253 ruit,
1546 2200 1618 2244 ubi
1650 2201 1842 2253 Ovidius,

190 2267 235 2309 ni
254 2265 394 2320 fallor,
416 2268 607 2320 respexit
638 2286 667 2323 χ
694 2274 782 2311 299.
811 2286 846 2310 οι
871 2271 940 2310 δ”
928 2269 1116 2325 ἕῳέβοιτο
1135 2274 1235 2311 κατα
1262 2271 1327 2323 ml«
1316 2287 1437 2325 sa901¹
1463 2274 1555 2325 βόες
1583 2270 1636 2323 (ὃς
1664 2274 1715 2326 α’)
1707 2277 1842 2314 ελαῖαι

191 2339 263 2387 τὰς
288 2338 364 2391 μέν
390 2343 424 2379 τ’
453 2336 585 2388 αἵολος
611 2335 766 2393 οἷστοος
793 2339 1042 2394 ιῖφοομηθείς
1071 2341 1282 2394 ’νέδόιησει
1340 2340 1531 2393 Longam
1582 2353 1754 2395 rever-‚a
1807 2343 1843 2385 Si

190 2405 406 2460 respicere
437 2406 556 2449 velis.
590 2407 780 2449 invenies
812 2419 905 2450 esse
937 2409 1090 2450 seliem
1114 2408 1342 2462 imaginem
1366 2422 1390 2451 a
1413 2409 1517 2451 felis
1539 2411 1840 2464 repetitaium.

190 2474 279 2517 Nec
321 2475 488 2526 mirum,
521 2488 619 2518 nam
671 2480 838 2518 tantum
884 2489 977 2519 esse
1023 2489 1248 2519 numerum
1294 2477 1498 2529 ferarum,
1546 2480 1615 2521 vix
1663 2486 1712 2523 ut
1758 2481 1840 2523 dici

191 2543 340 2597 possit,
382 2556 517 2597 paene
558 2545 599 2586 in
640 2544 917 2598 proverbium
958 2545 1087 2588 abiit:
1141 2545 1217 2590 Ov.
1265 2559 1302 2589 a.
1346 2560 1427 2589 am.
1470 2548 1545 2592 III.
1590 2549 1686 2593 150.
1729 2550 1840 2594 trist.

192 2612 242 2657 V.
274 2613 313 2655 2.
345 2613 413 2656 25.
446 2612 599 2667 quibus
629 2614 938 2667 subiungamus
970 2627 1007 2657 a.
1042 2628 1123 2658 am.
1157 2614 1211 2657 II.
1244 2616 1342 2658 517.

1837 632 1846 649 ›

329 2739 491 2784 Pisces
521 2753 688 2794 quoque
720 2740 775 2783 ad
806 2741 1125 2783 multitudinem
1168 2742 1426 2795 pingendam
1473 2742 1731 2787 adhibentur
1762 2744 1840 2786 Ov.

191 2819 273 2852 am.
306 2807 338 2851 I.
370 2807 438 2851 58.
472 2809 586 2854 trist.
619 2809 691 2854 lv.
727 2811 763 2852 1.
796 2811 865 2853 55.
898 2810 948 2855 V.
981 2811 1020 2855 2.
1054 2810 1121 2855 25.
1155 2823 1208 2854 ex
1239 2811 1284 2856 P.
1317 2811 1370 2854 II.
1406 2813 1442 2855 7.
1476 2813 1544 2855 28.
1606 2813 1839 2856 Praeterea

191 2889 274 2918 non
317 2881 408 2920 tam
453 2877 609 2921 multas
655 2879 862 2932 imagines
911 2879 1116 2932 invenias⁷
1164 2879 1318 2934 quibus
1361 2881 1500 2934 pisces
1539 2881 1701 2924 inducti
1740 2883 1838 2926 sint.

193 2945 434 2989 Piscatores
465 2947 548 3001 ipsi
580 2948 736 2990 nemini
769 2952 1012 2991 nostrorum
1035 2953 1262 3002 poetarum
1285 2950 1516 3003 imaginem
1534 2952 1840 3004 praebuerunt,

192 3015 477 3059 instrumenta
508 3029 655 3060 eorum
687 3018 751 3060 bis
777 3017 956 3060 Ovidio:
997 3030 1100 3061 rem.
1134 3031 1215 3062 am.
1247 3019 1346 3062 448.
1385 3033 1458 3062 nee
1488 3021 1596 3062 satis
1625 3024 1687 3062 est
1716 3021 1841 3075 liqui·

191 3083 260 3126 dis
287 3086 438 3128 unicus
468 3085 620 3128 hamus
651 3087 787 3141 aquis.
819 3087 917 3129 trist
952 3086 1026 3130 ΙΙΙ.
1060 3088 1099 3130 4.
1136 3089 1200 3130 11.
1235 3089 1394 3142 aspicis
1423 3092 1471 3130 at
1505 3103 1669 3131 summa
1702 3094 1842 3133 cortem

191 3153 293 3196 levis
337 3155 495 3197 innatet
547 3155 675 3207 unda,
732 3168 822 3198 cum
867 3171 997 3210 arare
1041 3171 1147 3198 nexa
1198 3158 1328 3199 simul
1368 3159 1476 3200 retia
1517 3163 1679 3213 meryat
1723 3173 1839 3212 opus.

1613 3239 1634 3272 4
