<?xml version="1.0" encoding="UTF-8"?>
<!DOCTYPE html PUBLIC "-//W3C//DTD XHTML 1.0 Transitional//EN"
    "http://www.w3.org/TR/xhtml1/DTD/xhtml1-transitional.dtd">
<html xmlns="http://www.w3.org/1999/xhtml" xml:lang="en" lang="en">
 <head>
  <title>
</title>
<meta http-equiv="Content-Type" content="text/html;charset=utf-8" />
  <meta name='ocr-system' content='tesseract 3.04.00' />
  <meta name='ocr-capabilities' content='ocr_page ocr_carea ocr_par ocr_line ocrx_word'/>
</head>
<body>
  <div class='ocr_page' id='page_1' title='image "./desimilitudinibu00mluoft_0044.png"; bbox 0 0 2086 3470; ppageno 0'>
   <div class='ocr_carea' id='block_1_1' title="bbox 1822 0 2086 125">
    <p class='ocr_par' dir='ltr' id='par_1_1' title="bbox 1822 0 2086 125">
     <span class='ocr_line' id='line_1_1' title="bbox 1822 0 2086 113; baseline -0.023 -26"><span class='ocrx_word' id='word_1_1' title='bbox 1822 0 2086 113; x_wconf 14' lang='lat' dir='ltr'>”sem</span> 
     </span>
     <span class='ocr_line' id='line_1_2' title="bbox 1922 94 2026 125; baseline 0 -17"><span class='ocrx_word' id='word_1_2' title='bbox 1922 105 1927 108; x_wconf 90' lang='lat'>.</span> <span class='ocrx_word' id='word_1_3' title='bbox 1959 109 1985 123; x_wconf 32' lang='lat' dir='ltr'>q?</span> <span class='ocrx_word' id='word_1_4' title='bbox 1999 94 2026 125; x_wconf 52' lang='lat'>..³</span> 
     </span>
    </p>
   </div>
   <div class='ocr_carea' id='block_1_2' title="bbox 931 195 1214 240">
    <p class='ocr_par' dir='ltr' id='par_1_2' title="bbox 931 195 1214 240">
     <span class='ocr_line' id='line_1_3' title="bbox 931 195 1214 240; baseline -0.004 -13"><span class='ocrx_word' id='word_1_5' title='bbox 931 195 1214 240; x_wconf 43' lang='lat'>*36*</span> 
     </span>
    </p>
   </div>
   <div class='ocr_carea' id='block_1_3' title="bbox 253 323 1890 2820">
    <p class='ocr_par' dir='ltr' id='par_1_3' title="bbox 254 323 1888 801">
     <span class='ocr_line' id='line_1_4' title="bbox 255 323 1888 387; baseline 0 -12"><span class='ocrx_word' id='word_1_6' title='bbox 255 329 448 376; x_wconf 88' lang='lat' dir='ltr'>imitatus</span> <span class='ocrx_word' id='word_1_7' title='bbox 478 337 545 376; x_wconf 88' lang='lat' dir='ltr'>est</span> <span class='ocrx_word' id='word_1_8' title='bbox 561 330 768 386; x_wconf 78' lang='lat' dir='ltr'>Virgilius</span> <span class='ocrx_word' id='word_1_9' title='bbox 799 333 903 376; x_wconf 85' lang='lat' dir='ltr'>Aen.</span> <span class='ocrx_word' id='word_1_10' title='bbox 926 333 957 378; x_wconf 87' lang='lat' dir='ltr'>I.</span> <span class='ocrx_word' id='word_1_11' title='bbox 981 333 1064 376; x_wconf 89' lang='lat'>592</span> <span class='ocrx_word' id='word_1_12' title='bbox 1095 336 1167 375; x_wconf 77' lang='lat' dir='ltr'>aut</span> <span class='ocrx_word' id='word_1_13' title='bbox 1196 332 1268 375; x_wconf 74' lang='lat' dir='ltr'>ubi</span> <span class='ocrx_word' id='word_1_14' title='bbox 1286 323 1403 386; x_wconf 82' lang='lat' dir='ltr'>flavo</span> <span class='ocrx_word' id='word_1_15' title='bbox 1434 335 1650 387; x_wconf 65' lang='lat' dir='ltr'>amentum</span> <span class='ocrx_word' id='word_1_16' title='bbox 1682 328 1888 376; x_wconf 76' lang='lat' dir='ltr'>Pariusve</span> 
     </span>
     <span class='ocr_line' id='line_1_5' title="bbox 254 400 1886 455; baseline 0.001 -12"><span class='ocrx_word' id='word_1_17' title='bbox 254 402 364 455; x_wconf 74' lang='lat' dir='ltr'>lapis</span> <span class='ocrx_word' id='word_1_18' title='bbox 394 402 676 444; x_wconf 75' lang='lat' dir='ltr'>circumdatur</span> <span class='ocrx_word' id='word_1_19' title='bbox 706 415 823 454; x_wconf 60' lang='lat' dir='ltr'>avaro,</span> <span class='ocrx_word' id='word_1_20' title='bbox 854 402 914 444; x_wconf 70' lang='lat' dir='ltr'>ita</span> <span class='ocrx_word' id='word_1_21' title='bbox 942 405 988 444; x_wconf 73' lang='lat' dir='ltr'>ut</span> <span class='ocrx_word' id='word_1_22' title='bbox 1019 402 1067 444; x_wconf 78' lang='lat' dir='ltr'>de</span> <span class='ocrx_word' id='word_1_23' title='bbox 1096 415 1173 444; x_wconf 78' lang='lat' dir='ltr'>suo</span> <span class='ocrx_word' id='word_1_24' title='bbox 1205 414 1391 444; x_wconf 89' lang='lat' dir='ltr'>marmor</span> <span class='ocrx_word' id='word_1_25' title='bbox 1422 401 1612 446; x_wconf 78' lang='lat' dir='ltr'>adderet.</span> <span class='ocrx_word' id='word_1_26' title='bbox 1653 402 1760 444; x_wconf 86' lang='lat' dir='ltr'>Auri</span> <span class='ocrx_word' id='word_1_27' title='bbox 1789 400 1886 445; x_wconf 84' lang='lat' dir='ltr'>flavi</span> 
     </span>
     <span class='ocr_line' id='line_1_6' title="bbox 257 469 1756 524; baseline 0.001 -12"><span class='ocrx_word' id='word_1_28' title='bbox 257 470 387 513; x_wconf 91' lang='lat' dir='ltr'>colori</span> <span class='ocrx_word' id='word_1_29' title='bbox 419 471 684 524; x_wconf 85' lang='lat' dir='ltr'>comparavit</span> <span class='ocrx_word' id='word_1_30' title='bbox 716 469 1132 513; x_wconf 38' lang='lat' dir='ltr'>criniumsflavorum</span> <span class='ocrx_word' id='word_1_31' title='bbox 1164 470 1347 513; x_wconf 89' lang='lat' dir='ltr'>colorem</span> <span class='ocrx_word' id='word_1_32' title='bbox 1378 470 1567 515; x_wconf 88' lang='lat' dir='ltr'><strong>Alcman.</strong></span> <span class='ocrx_word' id='word_1_33' title='bbox 1600 471 1668 521; x_wconf 99' lang='lat'>23,</span> <span class='ocrx_word' id='word_1_34' title='bbox 1699 470 1756 513; x_wconf 88' lang='lat'>54</span> 
     </span>
     <span class='ocr_line' id='line_1_7' title="bbox 1209 540 1480 594; baseline -0.007 -12"><span class='ocrx_word' id='word_1_35' title='bbox 1209 541 1258 590; x_wconf 62' lang='lat' dir='ltr'>„oi</span> <span class='ocrx_word' id='word_1_36' title='bbox 1291 541 1334 581; x_wconf 77' lang='grc' dir='ltr'>δὲ</span> <span class='ocrx_word' id='word_1_37' title='bbox 1361 540 1480 594; x_wconf 83' lang='grc' dir='ltr'><em>χαίτα</em></span> 
     </span>
     <span class='ocr_line' id='line_1_8' title="bbox 935 609 1328 662; baseline 0 -12"><span class='ocrx_word' id='word_1_38' title='bbox 935 613 1006 659; x_wconf 77' lang='grc' dir='ltr'>τᾶς</span> <span class='ocrx_word' id='word_1_39' title='bbox 1031 609 1132 662; x_wconf 71' lang='grc' dir='ltr'><em>ἐμᾶς</em></span> <span class='ocrx_word' id='word_1_40' title='bbox 1157 611 1328 662; x_wconf 64' lang='grc' dir='ltr'>α’νεψιᾶς</span> 
     </span>
     <span class='ocr_line' id='line_1_9' title="bbox 938 678 1402 732; baseline 0 -14"><span class='ocrx_word' id='word_1_41' title='bbox 938 679 1202 732; x_wconf 67' lang='grc' dir='ltr'><em>ῗΑγησιχόρας</em></span> <span class='ocrx_word' id='word_1_42' title='bbox 1228 678 1402 719; x_wconf 70' lang='grc' dir='ltr'><em>ἐπανθεῖ</em></span> 
     </span>
     <span class='ocr_line' id='line_1_10' title="bbox 937 747 1389 801; baseline 0.002 -15"><span class='ocrx_word' id='word_1_43' title='bbox 937 749 1084 801; x_wconf 79' lang='grc' dir='ltr'><em>χρυσὸς</em></span> <span class='ocrx_word' id='word_1_44' title='bbox 1111 747 1163 795; x_wconf 76' lang='grc' dir='ltr'>ὥς</span> <span class='ocrx_word' id='word_1_45' title='bbox 1191 748 1389 801; x_wconf 68' lang='grc' dir='ltr'><em>ἀκήρατος</em></span> 
     </span>
    </p>

    <p class='ocr_par' dir='ltr' id='par_1_4' title="bbox 253 824 1889 1290">
     <span class='ocr_line' id='line_1_11' title="bbox 392 824 1888 881; baseline 0.002 -15"><span class='ocrx_word' id='word_1_46' title='bbox 392 824 511 875; x_wconf 85' lang='lat' dir='ltr'>Quod</span> <span class='ocrx_word' id='word_1_47' title='bbox 556 825 670 878; x_wconf 91' lang='lat' dir='ltr'>apud</span> <span class='ocrx_word' id='word_1_48' title='bbox 713 824 958 867; x_wconf 89' lang='lat' dir='ltr'>Alcmanem</span> <span class='ocrx_word' id='word_1_49' title='bbox 1004 828 1197 881; x_wconf 67' lang='grc' dir='ltr'><em>ἀκήρατος</em></span> <span class='ocrx_word' id='word_1_50' title='bbox 1245 825 1422 877; x_wconf 89' lang='lat' dir='ltr'>dicitur,</span> <span class='ocrx_word' id='word_1_51' title='bbox 1469 826 1559 869; x_wconf 89' lang='lat' dir='ltr'>sive</span> <span class='ocrx_word' id='word_1_52' title='bbox 1601 825 1795 880; x_wconf 83' lang='lat' dir='ltr'>probum,</span> <span class='ocrx_word' id='word_1_53' title='bbox 1840 829 1888 869; x_wconf 87' lang='lat' dir='ltr'>ut</span> 
     </span>
     <span class='ocr_line' id='line_1_12' title="bbox 255 892 1886 948; baseline 0.001 -13"><span class='ocrx_word' id='word_1_54' title='bbox 255 892 434 935; x_wconf 86' lang='lat' dir='ltr'>Romani</span> <span class='ocrx_word' id='word_1_55' title='bbox 491 894 657 946; x_wconf 88' lang='lat' dir='ltr'>dicunt,</span> <span class='ocrx_word' id='word_1_56' title='bbox 722 894 894 947; x_wconf 89' lang='lat' dir='ltr'>plumbo</span> <span class='ocrx_word' id='word_1_57' title='bbox 954 894 1181 947; x_wconf 84' lang='lat' dir='ltr'>probatum</span> <span class='ocrx_word' id='word_1_58' title='bbox 1232 907 1324 937; x_wconf 87' lang='lat' dir='ltr'>esse</span> <span class='ocrx_word' id='word_1_59' title='bbox 1342 929 1352 946; x_wconf 93' lang='lat'>,</span> <span class='ocrx_word' id='word_1_60' title='bbox 1411 907 1511 936; x_wconf 92' lang='lat' dir='ltr'>num</span> <span class='ocrx_word' id='word_1_61' title='bbox 1561 899 1675 937; x_wconf 88' lang='lat' dir='ltr'>esset</span> <span class='ocrx_word' id='word_1_62' title='bbox 1723 907 1886 948; x_wconf 89' lang='lat' dir='ltr'>aurum,</span> 
     </span>
     <span class='ocr_line' id='line_1_13' title="bbox 254 960 1888 1017; baseline 0.002 -14"><span class='ocrx_word' id='word_1_63' title='bbox 254 960 384 1004; x_wconf 86' lang='lat' dir='ltr'>habes</span> <span class='ocrx_word' id='word_1_64' title='bbox 429 961 617 1015; x_wconf 84' lang='lat' dir='ltr'>Theogn.</span> <span class='ocrx_word' id='word_1_65' title='bbox 662 962 760 1014; x_wconf 83' lang='lat'>417,</span> <span class='ocrx_word' id='word_1_66' title='bbox 808 962 928 1005; x_wconf 90' lang='lat'>1105.</span> <span class='ocrx_word' id='word_1_67' title='bbox 991 961 1190 1005; x_wconf 86' lang='lat' dir='ltr'>Simonid.</span> <span class='ocrx_word' id='word_1_68' title='bbox 1234 963 1302 1014; x_wconf 91' lang='lat'>64,</span> <span class='ocrx_word' id='word_1_69' title='bbox 1349 962 1530 1005; x_wconf 89' lang='lat' dir='ltr'>coticula</span> <span class='ocrx_word' id='word_1_70' title='bbox 1574 963 1762 1017; x_wconf 86' lang='lat' dir='ltr'>Theogn.</span> <span class='ocrx_word' id='word_1_71' title='bbox 1803 963 1888 1006; x_wconf 88' lang='lat'>449</span> 
     </span>
     <span class='ocr_line' id='line_1_14' title="bbox 254 1029 1889 1084; baseline 0.002 -13"><span class='ocrx_word' id='word_1_72' title='bbox 254 1030 495 1083; x_wconf 88' lang='lat' dir='ltr'>Bacchylid.</span> <span class='ocrx_word' id='word_1_73' title='bbox 527 1029 579 1074; x_wconf 83' lang='lat' dir='ltr'>fr.</span> <span class='ocrx_word' id='word_1_74' title='bbox 610 1030 676 1072; x_wconf 89' lang='lat'>22.</span> <span class='ocrx_word' id='word_1_75' title='bbox 709 1030 884 1075; x_wconf 88' lang='lat' dir='ltr'>Theocr.</span> <span class='ocrx_word' id='word_1_76' title='bbox 918 1031 983 1083; x_wconf 90' lang='lat'>12,</span> <span class='ocrx_word' id='word_1_77' title='bbox 1017 1031 1072 1073; x_wconf 90' lang='lat'>36</span> <span class='ocrx_word' id='word_1_78' title='bbox 1101 1030 1228 1084; x_wconf 83' lang='lat' dir='ltr'>frgm.</span> <span class='ocrx_word' id='word_1_79' title='bbox 1261 1031 1372 1084; x_wconf 94' lang='lat' dir='ltr'>quod</span> <span class='ocrx_word' id='word_1_80' title='bbox 1395 1030 1582 1074; x_wconf 84' lang='lat' dir='ltr'>Chilonis</span> <span class='ocrx_word' id='word_1_81' title='bbox 1613 1031 1691 1074; x_wconf 92' lang='lat' dir='ltr'>sub</span> <span class='ocrx_word' id='word_1_82' title='bbox 1721 1032 1889 1074; x_wconf 89' lang='lat' dir='ltr'>nomine</span> 
     </span>
     <span class='ocr_line' id='line_1_15' title="bbox 255 1097 1886 1154; baseline 0.002 -15"><span class='ocrx_word' id='word_1_83' title='bbox 255 1097 567 1150; x_wconf 73' lang='lat' dir='ltr'>circumfertur,</span> <span class='ocrx_word' id='word_1_84' title='bbox 587 1099 767 1152; x_wconf 89' lang='lat' dir='ltr'>denique</span> <span class='ocrx_word' id='word_1_85' title='bbox 788 1099 891 1152; x_wconf 83' lang='lat' dir='ltr'>igni,</span> <span class='ocrx_word' id='word_1_86' title='bbox 914 1111 996 1153; x_wconf 91' lang='lat' dir='ltr'>quo</span> <span class='ocrx_word' id='word_1_87' title='bbox 1013 1099 1142 1141; x_wconf 89' lang='lat' dir='ltr'>etiam</span> <span class='ocrx_word' id='word_1_88' title='bbox 1164 1103 1388 1153; x_wconf 83' lang='lat' dir='ltr'>argentum</span> <span class='ocrx_word' id='word_1_89' title='bbox 1405 1099 1681 1153; x_wconf 77' lang='lat' dir='ltr'>probabatur,</span> <span class='ocrx_word' id='word_1_90' title='bbox 1699 1100 1886 1154; x_wconf 84' lang='lat' dir='ltr'>Theogn.</span> 
     </span>
     <span class='ocr_line' id='line_1_16' title="bbox 253 1167 1887 1223; baseline 0.002 -15"><span class='ocrx_word' id='word_1_91' title='bbox 253 1167 338 1209; x_wconf 83' lang='lat'>499</span> <span class='ocrx_word' id='word_1_92' title='bbox 383 1168 425 1208; x_wconf 71' lang='grc' dir='ltr'>ἐν</span> <span class='ocrx_word' id='word_1_93' title='bbox 452 1170 544 1221; x_wconf 76' lang='grc' dir='ltr'>πυρὶ</span> <span class='ocrx_word' id='word_1_94' title='bbox 568 1169 644 1221; x_wconf 72' lang='grc' dir='ltr'>μὲν</span> <span class='ocrx_word' id='word_1_95' title='bbox 677 1171 871 1222; x_wconf 76' lang='grc' dir='ltr'><em>χρυσόντε</em></span> <span class='ocrx_word' id='word_1_96' title='bbox 898 1171 961 1209; x_wconf 82' lang='grc' dir='ltr'>καὶ</span> <span class='ocrx_word' id='word_1_97' title='bbox 993 1167 1162 1223; x_wconf 71' lang='grc' dir='ltr'>ἄργυρον</span> <span class='ocrx_word' id='word_1_98' title='bbox 1192 1168 1312 1223; x_wconf 72' lang='grc' dir='ltr'>’ἰδριες</span> <span class='ocrx_word' id='word_1_99' title='bbox 1346 1167 1486 1223; x_wconf 76' lang='grc' dir='ltr'><em>ἄνδρες</em></span> <span class='ocrx_word' id='word_1_100' title='bbox 1512 1172 1750 1223; x_wconf 71' lang='lat' dir='ltr'>ywaionovo’,</span> <span class='ocrx_word' id='word_1_101' title='bbox 1810 1168 1887 1212; x_wconf 87' lang='lat' dir='ltr'>OV.</span> 
     </span>
     <span class='ocr_line' id='line_1_17' title="bbox 254 1235 1732 1290; baseline 0.001 -13"><span class='ocrx_word' id='word_1_102' title='bbox 254 1235 355 1277; x_wconf 86' lang='lat' dir='ltr'>trist</span> <span class='ocrx_word' id='word_1_103' title='bbox 385 1235 417 1278; x_wconf 92' lang='lat' dir='ltr'>I.</span> <span class='ocrx_word' id='word_1_104' title='bbox 449 1235 487 1287; x_wconf 93' lang='lat'>5,</span> <span class='ocrx_word' id='word_1_105' title='bbox 521 1235 575 1278; x_wconf 81' lang='lat'>25</span> <span class='ocrx_word' id='word_1_106' title='bbox 614 1235 764 1277; x_wconf 65' lang='lat' dir='ltr'>scilicet</span> <span class='ocrx_word' id='word_1_107' title='bbox 793 1239 840 1278; x_wconf 73' lang='lat' dir='ltr'>ut</span> <span class='ocrx_word' id='word_1_108' title='bbox 862 1236 1028 1289; x_wconf 63' lang='lat' dir='ltr'>salmam</span> <span class='ocrx_word' id='word_1_109' title='bbox 1061 1239 1269 1288; x_wconf 69' lang='lat' dir='ltr'>spectatur</span> <span class='ocrx_word' id='word_1_110' title='bbox 1297 1236 1340 1278; x_wconf 66' lang='lat' dir='ltr'>in</span> <span class='ocrx_word' id='word_1_111' title='bbox 1370 1236 1536 1290; x_wconf 58' lang='lat' dir='ltr'>{flatibus</span> <span class='ocrx_word' id='word_1_112' title='bbox 1566 1251 1732 1279; x_wconf 76' lang='lat' dir='ltr'>aurum.</span> 
     </span>
    </p>

    <p class='ocr_par' dir='ltr' id='par_1_5' title="bbox 254 1303 1890 1563">
     <span class='ocr_line' id='line_1_18' title="bbox 392 1303 1890 1360; baseline 0.002 -15"><span class='ocrx_word' id='word_1_113' title='bbox 392 1303 512 1354; x_wconf 79' lang='lat' dir='ltr'>Quod</span> <span class='ocrx_word' id='word_1_114' title='bbox 555 1304 762 1355; x_wconf 90' lang='lat' dir='ltr'>omnibus,</span> <span class='ocrx_word' id='word_1_115' title='bbox 801 1317 905 1358; x_wconf 88' lang='lat' dir='ltr'>quos</span> <span class='ocrx_word' id='word_1_116' title='bbox 945 1304 1068 1346; x_wconf 91' lang='lat' dir='ltr'>modo</span> <span class='ocrx_word' id='word_1_117' title='bbox 1100 1305 1238 1356; x_wconf 85' lang='lat' dir='ltr'>attuli,</span> <span class='ocrx_word' id='word_1_118' title='bbox 1279 1305 1380 1347; x_wconf 87' lang='lat' dir='ltr'>locis</span> <span class='ocrx_word' id='word_1_119' title='bbox 1412 1309 1564 1358; x_wconf 77' lang='lat' dir='ltr'>poetae</span> <span class='ocrx_word' id='word_1_120' title='bbox 1595 1315 1746 1348; x_wconf 89' lang='lat' dir='ltr'>aurum</span> <span class='ocrx_word' id='word_1_121' title='bbox 1777 1306 1890 1360; x_wconf 92' lang='lat' dir='ltr'>quod</span> 
     </span>
     <span class='ocr_line' id='line_1_19' title="bbox 254 1371 1888 1427; baseline 0.002 -13"><span class='ocrx_word' id='word_1_122' title='bbox 254 1371 476 1426; x_wconf 87' lang='lat' dir='ltr'>probatur,</span> <span class='ocrx_word' id='word_1_123' title='bbox 517 1372 676 1414; x_wconf 89' lang='lat' dir='ltr'>homini</span> <span class='ocrx_word' id='word_1_124' title='bbox 718 1376 1088 1426; x_wconf 86' lang='lat' dir='ltr'>comparaverunt,</span> <span class='ocrx_word' id='word_1_125' title='bbox 1121 1374 1239 1415; x_wconf 92' lang='lat' dir='ltr'>cuius</span> <span class='ocrx_word' id='word_1_126' title='bbox 1271 1374 1363 1426; x_wconf 91' lang='lat' dir='ltr'>quis</span> <span class='ocrx_word' id='word_1_127' title='bbox 1393 1374 1628 1427; x_wconf 88' lang='lat' dir='ltr'>periculum</span> <span class='ocrx_word' id='word_1_128' title='bbox 1667 1373 1781 1427; x_wconf 88' lang='lat' dir='ltr'>facit,</span> <span class='ocrx_word' id='word_1_129' title='bbox 1814 1375 1888 1418; x_wconf 85' lang='lat' dir='ltr'>ad-</span> 
     </span>
     <span class='ocr_line' id='line_1_20' title="bbox 255 1441 1887 1496; baseline 0.002 -14"><span class='ocrx_word' id='word_1_130' title='bbox 255 1441 372 1483; x_wconf 80' lang='lat' dir='ltr'>ducit</span> <span class='ocrx_word' id='word_1_131' title='bbox 421 1453 509 1492; x_wconf 89' lang='lat' dir='ltr'>me,</span> <span class='ocrx_word' id='word_1_132' title='bbox 562 1445 610 1483; x_wconf 87' lang='lat' dir='ltr'>ut</span> <span class='ocrx_word' id='word_1_133' title='bbox 660 1441 850 1495; x_wconf 81' lang='lat' dir='ltr'>credam,</span> <span class='ocrx_word' id='word_1_134' title='bbox 898 1442 1005 1484; x_wconf 86' lang='lat' dir='ltr'>hanc</span> <span class='ocrx_word' id='word_1_135' title='bbox 1049 1454 1313 1484; x_wconf 89' lang='lat' dir='ltr'>communem</span> <span class='ocrx_word' id='word_1_136' title='bbox 1367 1443 1622 1485; x_wconf 87' lang='lat' dir='ltr'>sententiam</span> <span class='ocrx_word' id='word_1_137' title='bbox 1671 1443 1887 1496; x_wconf 86' lang='lat' dir='ltr'>corrigere</span> 
     </span>
     <span class='ocr_line' id='line_1_21' title="bbox 255 1509 1407 1563; baseline 0.001 -12"><span class='ocrx_word' id='word_1_138' title='bbox 255 1509 438 1552; x_wconf 88' lang='lat' dir='ltr'>voluisse</span> <span class='ocrx_word' id='word_1_139' title='bbox 468 1509 729 1563; x_wconf 88' lang='lat' dir='ltr'>Euripidem,</span> <span class='ocrx_word' id='word_1_140' title='bbox 762 1522 857 1552; x_wconf 91' lang='lat' dir='ltr'>cum</span> <span class='ocrx_word' id='word_1_141' title='bbox 887 1510 1105 1563; x_wconf 82' lang='lat' dir='ltr'>scriberet,</span> <span class='ocrx_word' id='word_1_142' title='bbox 1139 1510 1249 1555; x_wconf 90' lang='lat' dir='ltr'>Med.</span> <span class='ocrx_word' id='word_1_143' title='bbox 1280 1511 1320 1561; x_wconf 87' lang='lat'>5,</span> <span class='ocrx_word' id='word_1_144' title='bbox 1354 1511 1407 1553; x_wconf 88' lang='lat'>16</span> 
     </span>
    </p>

    <p class='ocr_par' dir='ltr' id='par_1_6' title="bbox 255 1586 1890 2820">
     <span class='ocr_line' id='line_1_22' title="bbox 630 1586 1516 1649; baseline 0.002 -18"><span class='ocrx_word' id='word_1_145' title='bbox 630 1586 663 1631; x_wconf 71' lang='grc' dir='ltr'><em>ὦ</em></span> <span class='ocrx_word' id='word_1_146' title='bbox 690 1594 772 1632; x_wconf 77' lang='grc' dir='ltr'>Ζεῦ</span> <span class='ocrx_word' id='word_1_147' title='bbox 797 1592 836 1632; x_wconf 85' lang='grc' dir='ltr'>τί</span> <span class='ocrx_word' id='word_1_148' title='bbox 863 1592 911 1646; x_wconf 74' lang='grc' dir='ltr'>δή</span> <span class='ocrx_word' id='word_1_149' title='bbox 939 1597 1091 1646; x_wconf 74' lang='grc' dir='ltr'><em>χρυσοῦ</em></span> <span class='ocrx_word' id='word_1_150' title='bbox 1116 1591 1192 1645; x_wconf 72' lang='grc' dir='ltr'>μὲν</span> <span class='ocrx_word' id='word_1_151' title='bbox 1219 1590 1259 1641; x_wconf 79' lang='grc' dir='ltr'>ὃς</span> <span class='ocrx_word' id='word_1_152' title='bbox 1285 1591 1464 1646; x_wconf 77' lang='grc' dir='ltr'><em>κίβδηλος</em></span> <span class='ocrx_word' id='word_1_153' title='bbox 1492 1588 1516 1649; x_wconf 80' lang='grc' dir='ltr'><strong><em>ᾖ</em></strong></span> 
     </span>
     <span class='ocr_line' id='line_1_23' title="bbox 628 1659 1443 1715; baseline 0.001 -15"><span class='ocrx_word' id='word_1_154' title='bbox 628 1662 803 1715; x_wconf 72' lang='grc' dir='ltr'>τεκμήρι’</span> <span class='ocrx_word' id='word_1_155' title='bbox 833 1662 1103 1715; x_wconf 65' lang='grc' dir='ltr'><em>ἀνθρώποισιν</em></span> <span class='ocrx_word' id='word_1_156' title='bbox 1131 1659 1294 1710; x_wconf 78' lang='grc' dir='ltr'><em>ὤπασας</em></span> <span class='ocrx_word' id='word_1_157' title='bbox 1322 1665 1443 1715; x_wconf 80' lang='grc' dir='ltr'>σαφῆ,</span> 
     </span>
     <span class='ocr_line' id='line_1_24' title="bbox 590 1727 1506 1788; baseline 0.002 -20"><span class='ocrx_word' id='word_1_158' title='bbox 590 1783 594 1788; x_wconf 31' lang='grc' dir='ltr'>ι</span> <span class='ocrx_word' id='word_1_159' title='bbox 630 1730 787 1783; x_wconf 70' lang='grc' dir='ltr'><em>ἀνδρῶν</em></span> <span class='ocrx_word' id='word_1_160' title='bbox 813 1730 848 1769; x_wconf 78' lang='grc' dir='ltr'>δ’</span> <span class='ocrx_word' id='word_1_161' title='bbox 876 1727 955 1786; x_wconf 77' lang='grc' dir='ltr'>ὅτῳ</span> <span class='ocrx_word' id='word_1_162' title='bbox 982 1733 1062 1784; x_wconf 75' lang='grc' dir='ltr'>χρὴ</span> <span class='ocrx_word' id='word_1_163' title='bbox 1091 1732 1159 1770; x_wconf 81' lang='grc' dir='ltr'>τὸν</span> <span class='ocrx_word' id='word_1_164' title='bbox 1185 1732 1302 1770; x_wconf 84' lang='grc' dir='ltr'><em>κακὸν</em></span> <span class='ocrx_word' id='word_1_165' title='bbox 1328 1730 1506 1770; x_wconf 77' lang='grc' dir='ltr'><strong><em>διειδέναι</em></strong></span> 
     </span>
     <span class='ocr_line' id='line_1_25' title="bbox 632 1797 1415 1853; baseline 0.001 -16"><span class='ocrx_word' id='word_1_166' title='bbox 632 1798 758 1846; x_wconf 66' lang='grc' dir='ltr'><em>οὐδεὶς</em></span> <span class='ocrx_word' id='word_1_167' title='bbox 783 1802 991 1852; x_wconf 72' lang='grc' dir='ltr'><em>χαρακτὴρ</em></span> <span class='ocrx_word' id='word_1_168' title='bbox 1018 1797 1218 1853; x_wconf 72' lang='grc' dir='ltr'>ἐμπέφυκε</span> <span class='ocrx_word' id='word_1_169' title='bbox 1239 1801 1415 1851; x_wconf 78' lang='grc' dir='ltr'><em>σώματι;</em></span> 
     </span>
     <span class='ocr_line' id='line_1_26' title="bbox 255 1874 1888 1931; baseline 0.002 -14"><span class='ocrx_word' id='word_1_170' title='bbox 255 1874 291 1918; x_wconf 85' lang='grc' dir='ltr'>Ε</span> <span class='ocrx_word' id='word_1_171' title='bbox 322 1876 475 1918; x_wconf 87' lang='lat' dir='ltr'>ceteris</span> <span class='ocrx_word' id='word_1_172' title='bbox 506 1876 691 1918; x_wconf 82' lang='lat' dir='ltr'>metallis</span> <span class='ocrx_word' id='word_1_173' title='bbox 722 1876 883 1919; x_wconf 88' lang='lat' dir='ltr'>ferrum</span> <span class='ocrx_word' id='word_1_174' title='bbox 922 1877 1204 1930; x_wconf 83' lang='lat' dir='ltr'>compluriens</span> <span class='ocrx_word' id='word_1_175' title='bbox 1244 1877 1382 1919; x_wconf 90' lang='lat' dir='ltr'>locum</span> <span class='ocrx_word' id='word_1_176' title='bbox 1422 1877 1551 1919; x_wconf 84' lang='lat' dir='ltr'>habet</span> <span class='ocrx_word' id='word_1_177' title='bbox 1587 1878 1631 1919; x_wconf 91' lang='lat' dir='ltr'>in</span> <span class='ocrx_word' id='word_1_178' title='bbox 1670 1889 1888 1931; x_wconf 86' lang='lat' dir='ltr'>compara-</span> 
     </span>
     <span class='ocr_line' id='line_1_27' title="bbox 256 1943 1888 1998; baseline 0.001 -12"><span class='ocrx_word' id='word_1_179' title='bbox 256 1943 455 1997; x_wconf 90' lang='lat' dir='ltr'>tionibus,</span> <span class='ocrx_word' id='word_1_180' title='bbox 504 1956 671 1998; x_wconf 87' lang='lat' dir='ltr'>semper</span> <span class='ocrx_word' id='word_1_181' title='bbox 702 1949 846 1987; x_wconf 89' lang='lat' dir='ltr'>autem</span> <span class='ocrx_word' id='word_1_182' title='bbox 890 1945 1047 1987; x_wconf 87' lang='lat' dir='ltr'>duritei</span> <span class='ocrx_word' id='word_1_183' title='bbox 1093 1958 1218 1988; x_wconf 88' lang='lat' dir='ltr'>causa</span> <span class='ocrx_word' id='word_1_184' title='bbox 1264 1945 1478 1988; x_wconf 88' lang='lat' dir='ltr'>inducitur</span> <span class='ocrx_word' id='word_1_185' title='bbox 1530 1950 1572 1996; x_wconf 84' lang='lat' dir='ltr'>Y,</span> <span class='ocrx_word' id='word_1_186' title='bbox 1603 1945 1751 1988; x_wconf 92' lang='lat'>372..</span> <span class='ocrx_word' id='word_1_187' title='bbox 1791 1946 1888 1988; x_wconf 77' lang='grc' dir='ltr'><strong><em>ἔοικε</em></strong></span> 
     </span>
     <span class='ocr_line' id='line_1_28' title="bbox 255 2012 1889 2071; baseline 0.001 -17"><span class='ocrx_word' id='word_1_188' title='bbox 255 2014 372 2066; x_wconf 80' lang='grc' dir='ltr'><em>μένος</em></span> <span class='ocrx_word' id='word_1_189' title='bbox 417 2014 453 2054; x_wconf 78' lang='grc' dir='ltr'>δ’</span> <span class='ocrx_word' id='word_1_190' title='bbox 500 2012 647 2054; x_wconf 72' lang='grc' dir='ltr'><em>αἴθωνι</em></span> <span class='ocrx_word' id='word_1_191' title='bbox 694 2015 842 2071; x_wconf 78' lang='grc' dir='ltr'><em>σιδήρῳ</em></span> <span class='ocrx_word' id='word_1_192' title='bbox 882 2016 916 2055; x_wconf 78' lang='grc' dir='ltr'>δ.</span> <span class='ocrx_word' id='word_1_193' title='bbox 962 2020 1038 2058; x_wconf 82' lang='grc'>293</span> <span class='ocrx_word' id='word_1_194' title='bbox 1082 2015 1221 2070; x_wconf 72' lang='grc' dir='ltr'><em>κραδίη</em></span> <span class='ocrx_word' id='word_1_195' title='bbox 1265 2015 1436 2069; x_wconf 79' lang='grc' dir='ltr'><em>σίδηρέη.</em></span> <span class='ocrx_word' id='word_1_196' title='bbox 1491 2014 1567 2058; x_wconf 86' lang='lat' dir='ltr'>OV.</span> <span class='ocrx_word' id='word_1_197' title='bbox 1599 2019 1685 2057; x_wconf 73' lang='lat' dir='ltr'>met</span> <span class='ocrx_word' id='word_1_198' title='bbox 1717 2014 1783 2065; x_wconf 86' lang='lat'>14,</span> <span class='ocrx_word' id='word_1_199' title='bbox 1806 2013 1889 2057; x_wconf 82' lang='grc'>712</span> 
     </span>
     <span class='ocr_line' id='line_1_29' title="bbox 255 2080 1886 2136; baseline 0.002 -14"><span class='ocrx_word' id='word_1_200' title='bbox 255 2080 402 2122; x_wconf 73' lang='lat' dir='ltr'>durior</span> <span class='ocrx_word' id='word_1_201' title='bbox 431 2084 467 2123; x_wconf 73' lang='lat' dir='ltr'>et</span> <span class='ocrx_word' id='word_1_202' title='bbox 485 2081 620 2134; x_wconf 75' lang='lat' dir='ltr'>ferro,</span> <span class='ocrx_word' id='word_1_203' title='bbox 651 2081 762 2135; x_wconf 73' lang='lat' dir='ltr'>quod</span> <span class='ocrx_word' id='word_1_204' title='bbox 793 2081 977 2123; x_wconf 56' lang='lat' dir='ltr'>Noricus</span> <span class='ocrx_word' id='word_1_205' title='bbox 1007 2082 1190 2135; x_wconf 66' lang='lat' dir='ltr'>excoquit</span> <span class='ocrx_word' id='word_1_206' title='bbox 1218 2083 1338 2136; x_wconf 68' lang='lat' dir='ltr'>iym&#39;s.</span> <span class='ocrx_word' id='word_1_207' title='bbox 1384 2083 1525 2135; x_wconf 87' lang='lat' dir='ltr'>Ipsam</span> <span class='ocrx_word' id='word_1_208' title='bbox 1555 2082 1662 2125; x_wconf 87' lang='lat' dir='ltr'>hanc</span> <span class='ocrx_word' id='word_1_209' title='bbox 1683 2082 1886 2125; x_wconf 80' lang='lat' dir='ltr'>duritiem</span> 
     </span>
     <span class='ocr_line' id='line_1_30' title="bbox 255 2148 1890 2206; baseline 0.001 -15"><span class='ocrx_word' id='word_1_210' title='bbox 255 2148 452 2201; x_wconf 85' lang='lat' dir='ltr'>rubigine</span> <span class='ocrx_word' id='word_1_211' title='bbox 492 2150 647 2192; x_wconf 89' lang='lat' dir='ltr'>victam</span> <span class='ocrx_word' id='word_1_212' title='bbox 687 2149 859 2192; x_wconf 86' lang='lat' dir='ltr'>exhibet</span> <span class='ocrx_word' id='word_1_213' title='bbox 899 2151 1148 2204; x_wconf 86' lang='lat' dir='ltr'>Propertius</span> <span class='ocrx_word' id='word_1_214' title='bbox 1193 2151 1255 2192; x_wconf 95' lang='lat' dir='ltr'>III</span> <span class='ocrx_word' id='word_1_215' title='bbox 1287 2151 1355 2202; x_wconf 88' lang='lat'>20,</span> <span class='ocrx_word' id='word_1_216' title='bbox 1400 2151 1452 2194; x_wconf 90' lang='lat'>15</span> <span class='ocrx_word' id='word_1_217' title='bbox 1510 2151 1657 2193; x_wconf 76' lang='lat' dir='ltr'>teritur</span> <span class='ocrx_word' id='word_1_218' title='bbox 1700 2150 1890 2206; x_wconf 73' lang='lat' dir='ltr'>rubiyine</span> 
     </span>
     <span class='ocr_line' id='line_1_31' title="bbox 256 2217 1887 2273; baseline 0.002 -15"><span class='ocrx_word' id='word_1_219' title='bbox 256 2231 397 2259; x_wconf 79' lang='lat' dir='ltr'>mucro</span> <span class='ocrx_word' id='word_1_220' title='bbox 417 2217 614 2271; x_wconf 73' lang='lat' dir='ltr'>ferreus5</span> <span class='ocrx_word' id='word_1_221' title='bbox 661 2231 738 2260; x_wconf 89' lang='lat' dir='ltr'>usu</span> <span class='ocrx_word' id='word_1_222' title='bbox 770 2223 1060 2272; x_wconf 86' lang='lat' dir='ltr'>consumptam</span> <span class='ocrx_word' id='word_1_223' title='bbox 1092 2219 1270 2262; x_wconf 89' lang='lat' dir='ltr'>Ovidius</span> <span class='ocrx_word' id='word_1_224' title='bbox 1310 2223 1485 2273; x_wconf 87' lang='lat' dir='ltr'>quater:</span> <span class='ocrx_word' id='word_1_225' title='bbox 1531 2220 1580 2264; x_wconf 88' lang='lat' dir='ltr'>A.</span> <span class='ocrx_word' id='word_1_226' title='bbox 1613 2232 1693 2262; x_wconf 82' lang='lat' dir='ltr'>am.</span> <span class='ocrx_word' id='word_1_227' title='bbox 1725 2219 1757 2272; x_wconf 93' lang='lat' dir='ltr'>I,</span> <span class='ocrx_word' id='word_1_228' title='bbox 1788 2219 1887 2271; x_wconf 88' lang='lat'>473,</span> 
     </span>
     <span class='ocr_line' id='line_1_32' title="bbox 257 2285 1888 2342; baseline 0.002 -15"><span class='ocrx_word' id='word_1_229' title='bbox 257 2285 331 2340; x_wconf 89' lang='grc' dir='ltr'>ΙΙΙ,</span> <span class='ocrx_word' id='word_1_230' title='bbox 364 2286 418 2328; x_wconf 87' lang='grc'>91</span> <span class='ocrx_word' id='word_1_231' title='bbox 452 2298 502 2328; x_wconf 81' lang='lat' dir='ltr'>ex</span> <span class='ocrx_word' id='word_1_232' title='bbox 539 2286 584 2328; x_wconf 91' lang='lat' dir='ltr'>P.</span> <span class='ocrx_word' id='word_1_233' title='bbox 617 2287 669 2338; x_wconf 92' lang='lat' dir='ltr'>II,</span> <span class='ocrx_word' id='word_1_234' title='bbox 704 2288 742 2337; x_wconf 92' lang='lat'>7,</span> <span class='ocrx_word' id='word_1_235' title='bbox 772 2287 842 2339; x_wconf 89' lang='lat'>43,</span> <span class='ocrx_word' id='word_1_236' title='bbox 881 2288 953 2339; x_wconf 87' lang='lat' dir='ltr'>IV,</span> <span class='ocrx_word' id='word_1_237' title='bbox 987 2289 1051 2340; x_wconf 87' lang='lat'>10,</span> <span class='ocrx_word' id='word_1_238' title='bbox 1084 2288 1123 2332; x_wconf 82' lang='lat'>5.</span> <span class='ocrx_word' id='word_1_239' title='bbox 1156 2289 1283 2340; x_wconf 86' lang='lat' dir='ltr'>Ebur,</span> <span class='ocrx_word' id='word_1_240' title='bbox 1299 2287 1351 2342; x_wconf 81' lang='lat'>⁵⁰)</span> <span class='ocrx_word' id='word_1_241' title='bbox 1382 2288 1494 2342; x_wconf 91' lang='lat' dir='ltr'>quod</span> <span class='ocrx_word' id='word_1_242' title='bbox 1524 2291 1650 2330; x_wconf 86' lang='lat' dir='ltr'>antea</span> <span class='ocrx_word' id='word_1_243' title='bbox 1680 2300 1764 2331; x_wconf 89' lang='lat' dir='ltr'>una</span> <span class='ocrx_word' id='word_1_244' title='bbox 1793 2299 1888 2330; x_wconf 88' lang='lat' dir='ltr'>cum</span> 
     </span>
     <span class='ocr_line' id='line_1_33' title="bbox 257 2355 1888 2410; baseline 0.001 -14"><span class='ocrx_word' id='word_1_245' title='bbox 257 2367 362 2397; x_wconf 86' lang='lat' dir='ltr'>auro</span> <span class='ocrx_word' id='word_1_246' title='bbox 392 2355 436 2396; x_wconf 92' lang='lat' dir='ltr'>in</span> <span class='ocrx_word' id='word_1_247' title='bbox 466 2355 788 2397; x_wconf 86' lang='lat' dir='ltr'>similitudinem</span> <span class='ocrx_word' id='word_1_248' title='bbox 809 2356 1047 2398; x_wconf 88' lang='lat' dir='ltr'>adhibitum</span> <span class='ocrx_word' id='word_1_249' title='bbox 1077 2368 1170 2399; x_wconf 87' lang='lat' dir='ltr'>esse</span> <span class='ocrx_word' id='word_1_250' title='bbox 1193 2357 1386 2408; x_wconf 88' lang='lat' dir='ltr'>vidimus,</span> <span class='ocrx_word' id='word_1_251' title='bbox 1419 2357 1641 2410; x_wconf 87' lang='lat' dir='ltr'>quinquies</span> <span class='ocrx_word' id='word_1_252' title='bbox 1662 2360 1888 2410; x_wconf 87' lang='lat' dir='ltr'>praeterea</span> 
     </span>
     <span class='ocr_line' id='line_1_34' title="bbox 258 2423 1886 2477; baseline 0.001 -13"><span class='ocrx_word' id='word_1_253' title='bbox 258 2423 394 2466; x_wconf 88' lang='lat' dir='ltr'>locum</span> <span class='ocrx_word' id='word_1_254' title='bbox 443 2423 572 2465; x_wconf 84' lang='lat' dir='ltr'>habet</span> <span class='ocrx_word' id='word_1_255' title='bbox 620 2424 663 2465; x_wconf 90' lang='lat' dir='ltr'>in</span> <span class='ocrx_word' id='word_1_256' title='bbox 713 2428 955 2467; x_wconf 86' lang='lat' dir='ltr'>nostrorum</span> <span class='ocrx_word' id='word_1_257' title='bbox 1004 2428 1228 2477; x_wconf 87' lang='lat' dir='ltr'>poetarum</span> <span class='ocrx_word' id='word_1_258' title='bbox 1279 2424 1547 2468; x_wconf 87' lang='lat' dir='ltr'>carminibus.</span> <span class='ocrx_word' id='word_1_259' title='bbox 1606 2425 1671 2466; x_wconf 79' lang='lat' dir='ltr'>Ex</span> <span class='ocrx_word' id='word_1_260' title='bbox 1714 2429 1758 2466; x_wconf 86' lang='lat' dir='ltr'><em>A</em></span> <span class='ocrx_word' id='word_1_261' title='bbox 1805 2424 1886 2467; x_wconf 88' lang='grc'>141</span> 
     </span>
     <span class='ocr_line' id='line_1_35' title="bbox 257 2491 1890 2550; baseline 0.002 -18"><span class='ocrx_word' id='word_1_262' title='bbox 257 2493 310 2542; x_wconf 69' lang='grc' dir='ltr'>(ὃς</span> <span class='ocrx_word' id='word_1_263' title='bbox 329 2491 430 2533; x_wconf 74' lang='grc' dir='ltr'><em>δ’ὅτε</em></span> <span class='ocrx_word' id='word_1_264' title='bbox 450 2492 507 2541; x_wconf 78' lang='grc' dir='ltr'>τίς</span> <span class='ocrx_word' id='word_1_265' title='bbox 535 2493 763 2546; x_wconf 67' lang='grc' dir='ltr'><em>τ’ἕλέφανῑα</em></span> <span class='ocrx_word' id='word_1_266' title='bbox 781 2497 877 2547; x_wconf 74' lang='grc' dir='ltr'>γυνή</span> <span class='ocrx_word' id='word_1_267' title='bbox 897 2493 1036 2548; x_wconf 73' lang='grc' dir='ltr'><em>φοίνικι</em></span> <span class='ocrx_word' id='word_1_268' title='bbox 1058 2496 1179 2550; x_wconf 77' lang='grc' dir='ltr'>μιήνῃ</span> <span class='ocrx_word' id='word_1_269' title='bbox 1207 2495 1366 2550; x_wconf 76' lang='grc' dir='ltr'><em>Μῃονὶς</em></span> <span class='ocrx_word' id='word_1_270' title='bbox 1395 2494 1440 2548; x_wconf 80' lang='grc' dir='ltr'>ἦὲ</span> <span class='ocrx_word' id='word_1_271' title='bbox 1467 2497 1638 2548; x_wconf 77' lang='grc' dir='ltr'>Κάειρα,</span> <span class='ocrx_word' id='word_1_272' title='bbox 1677 2492 1890 2536; x_wconf 76' lang='lat' dir='ltr'>fluxerunt</span> 
     </span>
     <span class='ocr_line' id='line_1_36' title="bbox 258 2559 1889 2615; baseline 0 -13"><span class='ocrx_word' id='word_1_273' title='bbox 258 2560 387 2612; x_wconf 82' lang='lat' dir='ltr'>Verg.</span> <span class='ocrx_word' id='word_1_274' title='bbox 420 2559 523 2602; x_wconf 86' lang='lat' dir='ltr'>Aen.</span> <span class='ocrx_word' id='word_1_275' title='bbox 547 2560 639 2602; x_wconf 86' lang='lat' dir='ltr'>XII.</span> <span class='ocrx_word' id='word_1_276' title='bbox 664 2561 718 2602; x_wconf 89' lang='lat'>67</span> <span class='ocrx_word' id='word_1_277' title='bbox 753 2560 936 2613; x_wconf 67' lang='lat' dir='ltr'>„Iudam</span> <span class='ocrx_word' id='word_1_278' title='bbox 966 2561 1191 2615; x_wconf 67' lang='lat' dir='ltr'>sanquineo</span> <span class='ocrx_word' id='word_1_279' title='bbox 1222 2561 1344 2603; x_wconf 69' lang='lat' dir='ltr'>veluti</span> <span class='ocrx_word' id='word_1_280' title='bbox 1373 2561 1587 2603; x_wconf 70' lang='lat' dir='ltr'>violaverit</span> <span class='ocrx_word' id='word_1_281' title='bbox 1617 2564 1727 2603; x_wconf 75' lang='lat' dir='ltr'>ostro</span> <span class='ocrx_word' id='word_1_282' title='bbox 1756 2561 1889 2614; x_wconf 79' lang='lat' dir='ltr'>siquis</span> 
     </span>
     <span class='ocr_line' id='line_1_37' title="bbox 257 2628 1888 2684; baseline 0.001 -15"><span class='ocrx_word' id='word_1_283' title='bbox 257 2629 395 2670; x_wconf 78' lang='lat' dir='ltr'>ebur.“</span> <span class='ocrx_word' id='word_1_284' title='bbox 450 2628 525 2671; x_wconf 85' lang='lat' dir='ltr'>Ov.</span> <span class='ocrx_word' id='word_1_285' title='bbox 559 2642 626 2671; x_wconf 80' lang='lat' dir='ltr'>ani</span> <span class='ocrx_word' id='word_1_286' title='bbox 658 2630 710 2670; x_wconf 93' lang='lat' dir='ltr'>II.</span> <span class='ocrx_word' id='word_1_287' title='bbox 743 2630 781 2681; x_wconf 88' lang='lat'>5,</span> <span class='ocrx_word' id='word_1_288' title='bbox 823 2629 878 2671; x_wconf 83' lang='lat'>39</span> <span class='ocrx_word' id='word_1_289' title='bbox 918 2633 1000 2682; x_wconf 70' lang='lat' dir='ltr'>aut,</span> <span class='ocrx_word' id='word_1_290' title='bbox 1039 2630 1148 2683; x_wconf 63' lang='lat' dir='ltr'>quod</span> <span class='ocrx_word' id='word_1_291' title='bbox 1188 2644 1237 2672; x_wconf 70' lang='lat' dir='ltr'>oze</span> <span class='ocrx_word' id='word_1_292' title='bbox 1266 2630 1400 2684; x_wconf 69' lang='lat' dir='ltr'>lonyis</span> <span class='ocrx_word' id='word_1_293' title='bbox 1427 2630 1650 2682; x_wconf 77' lang='lat' dir='ltr'>flavescere</span> <span class='ocrx_word' id='word_1_294' title='bbox 1670 2630 1807 2682; x_wconf 71' lang='lat' dir='ltr'>possit</span> <span class='ocrx_word' id='word_1_295' title='bbox 1836 2629 1888 2671; x_wconf 83' lang='lat' dir='ltr'>ab</span> 
     </span>
     <span class='ocr_line' id='line_1_38' title="bbox 258 2697 1888 2753; baseline 0.001 -14"><span class='ocrx_word' id='word_1_296' title='bbox 258 2698 393 2749; x_wconf 58' lang='lat' dir='ltr'>amm,</span> <span class='ocrx_word' id='word_1_297' title='bbox 439 2697 633 2739; x_wconf 71' lang='lat' dir='ltr'>Maeonis</span> <span class='ocrx_word' id='word_1_298' title='bbox 663 2698 890 2752; x_wconf 61' lang='lat' dir='ltr'>Assyrium</span> <span class='ocrx_word' id='word_1_299' title='bbox 919 2699 1087 2753; x_wconf 71' lang='lat' dir='ltr'>femina</span> <span class='ocrx_word' id='word_1_300' title='bbox 1126 2699 1247 2740; x_wconf 56' lang='lat' dir='ltr'>timvit</span> <span class='ocrx_word' id='word_1_301' title='bbox 1290 2699 1389 2741; x_wconf 75' lang='lat' dir='ltr'>ebur</span> <span class='ocrx_word' id='word_1_302' title='bbox 1402 2698 1453 2752; x_wconf 80' lang='lat'>51)</span> <span class='ocrx_word' id='word_1_303' title='bbox 1485 2699 1539 2741; x_wconf 91' lang='lat' dir='ltr'>id.</span> <span class='ocrx_word' id='word_1_304' title='bbox 1571 2702 1670 2743; x_wconf 85' lang='lat' dir='ltr'>met.</span> <span class='ocrx_word' id='word_1_305' title='bbox 1702 2698 1773 2741; x_wconf 85' lang='lat' dir='ltr'>IV.</span> <span class='ocrx_word' id='word_1_306' title='bbox 1805 2697 1888 2746; x_wconf 80' lang='lat'>332</span> 
     </span>
     <span class='ocr_line' id='line_1_39' title="bbox 257 2765 1889 2820; baseline 0.001 -14"><span class='ocrx_word' id='word_1_307' title='bbox 257 2766 322 2807; x_wconf 72' lang='lat' dir='ltr'>hic</span> <span class='ocrx_word' id='word_1_308' title='bbox 362 2765 472 2809; x_wconf 75' lang='lat' dir='ltr'>color</span> <span class='ocrx_word' id='word_1_309' title='bbox 504 2798 511 2806; x_wconf 94' lang='lat'>.</span> <span class='ocrx_word' id='word_1_310' title='bbox 545 2798 553 2806; x_wconf 94' lang='lat'>.</span> <span class='ocrx_word' id='word_1_311' title='bbox 587 2799 595 2807; x_wconf 91' lang='lat'>.</span> <span class='ocrx_word' id='word_1_312' title='bbox 629 2800 637 2807; x_wconf 93' lang='lat'>.</span> <span class='ocrx_word' id='word_1_313' title='bbox 669 2770 742 2808; x_wconf 74' lang='lat' dir='ltr'>aut</span> <span class='ocrx_word' id='word_1_314' title='bbox 771 2767 881 2808; x_wconf 76' lang='lat' dir='ltr'>ebori</span> <span class='ocrx_word' id='word_1_315' title='bbox 910 2767 1031 2809; x_wconf 52' lang='lat' dir='ltr'>abacto</span> <span class='ocrx_word' id='word_1_316' title='bbox 1053 2771 1122 2810; x_wconf 73' lang='lat' dir='ltr'>est.</span> <span class='ocrx_word' id='word_1_317' title='bbox 1182 2767 1299 2810; x_wconf 88' lang='lat' dir='ltr'>Ebur</span> <span class='ocrx_word' id='word_1_318' title='bbox 1338 2767 1452 2820; x_wconf 81' lang='lat' dir='ltr'>ligno</span> <span class='ocrx_word' id='word_1_319' title='bbox 1484 2766 1691 2809; x_wconf 88' lang='lat' dir='ltr'>inclusum</span> <span class='ocrx_word' id='word_1_320' title='bbox 1722 2765 1889 2808; x_wconf 81' lang='lat' dir='ltr'>exhibet</span> 
     </span>
    </p>
   </div>
   <div class='ocr_carea' id='block_1_4' title="bbox 260 2912 1889 3199">
    <p class='ocr_par' dir='ltr' id='par_1_7' title="bbox 260 2912 1889 3199">
     <span class='ocr_line' id='line_1_40' title="bbox 397 2912 1889 2959; baseline -0.001 -12"><span class='ocrx_word' id='word_1_321' title='bbox 397 2913 438 2956; x_wconf 65' lang='grc'>50)</span> <span class='ocrx_word' id='word_1_322' title='bbox 463 2913 592 2947; x_wconf 88' lang='lat' dir='ltr'>Eboris</span> <span class='ocrx_word' id='word_1_323' title='bbox 617 2913 794 2948; x_wconf 83' lang='lat' dir='ltr'>candidus</span> <span class='ocrx_word' id='word_1_324' title='bbox 820 2914 931 2957; x_wconf 85' lang='lat' dir='ltr'>color,</span> <span class='ocrx_word' id='word_1_325' title='bbox 964 2925 1073 2957; x_wconf 88' lang='lat' dir='ltr'>quem</span> <span class='ocrx_word' id='word_1_326' title='bbox 1107 2925 1173 2948; x_wconf 89' lang='lat' dir='ltr'>nos</span> <span class='ocrx_word' id='word_1_327' title='bbox 1207 2914 1244 2948; x_wconf 88' lang='lat' dir='ltr'>in</span> <span class='ocrx_word' id='word_1_328' title='bbox 1277 2913 1548 2959; x_wconf 80' lang='lat' dir='ltr'>comparatione</span> <span class='ocrx_word' id='word_1_329' title='bbox 1572 2922 1703 2948; x_wconf 77' lang='lat' dir='ltr'>vocare</span> <span class='ocrx_word' id='word_1_330' title='bbox 1728 2912 1889 2947; x_wconf 77' lang='lat' dir='ltr'>solemus</span> 
     </span>
     <span class='ocr_line' id='line_1_41' title="bbox 260 2970 1053 3016; baseline 0.003 -12"><span class='ocrx_word' id='word_1_331' title='bbox 260 2970 358 3015; x_wconf 81' lang='lat' dir='ltr'>apud</span> <span class='ocrx_word' id='word_1_332' title='bbox 382 2971 586 3005; x_wconf 85' lang='lat' dir='ltr'>Homerum</span> <span class='ocrx_word' id='word_1_333' title='bbox 611 2971 648 3004; x_wconf 90' lang='lat' dir='ltr'>in</span> <span class='ocrx_word' id='word_1_334' title='bbox 665 2971 830 3016; x_wconf 77' lang='lat' dir='ltr'>imagine</span> <span class='ocrx_word' id='word_1_335' title='bbox 856 2973 909 3006; x_wconf 75' lang='lat' dir='ltr'>est</span> <span class='ocrx_word' id='word_1_336' title='bbox 934 2983 952 3002; x_wconf 90' lang='grc' dir='ltr'>σ</span> <span class='ocrx_word' id='word_1_337' title='bbox 976 2971 1053 3006; x_wconf 82' lang='grc'>196.</span> 
     </span>
     <span class='ocr_line' id='line_1_42' title="bbox 660 3026 1512 3072; baseline 0 -13"><span class='ocrx_word' id='word_1_338' title='bbox 660 3028 847 3072; x_wconf 62' lang='grc' dir='ltr'>λευκοτέρην</span> <span class='ocrx_word' id='word_1_339' title='bbox 872 3026 964 3072; x_wconf 73' lang='grc' dir='ltr'>ὸ“”ἆ’ρα</span> <span class='ocrx_word' id='word_1_340' title='bbox 986 3041 1042 3071; x_wconf 68' lang='grc' dir='ltr'>μιν</span> <span class='ocrx_word' id='word_1_341' title='bbox 1068 3029 1149 3070; x_wconf 63' lang='grc' dir='ltr'>ι’)ἧκε</span> <span class='ocrx_word' id='word_1_342' title='bbox 1173 3029 1309 3072; x_wconf 77' lang='grc' dir='ltr'><em>πριστοῦ</em></span> <span class='ocrx_word' id='word_1_343' title='bbox 1334 3027 1512 3069; x_wconf 70' lang='grc' dir='ltr'><em>ἐλέφαντος.</em></span> 
     </span>
     <span class='ocr_line' id='line_1_43' title="bbox 396 3094 1888 3141; baseline -0.001 -11"><span class='ocrx_word' id='word_1_344' title='bbox 396 3094 440 3140; x_wconf 75' lang='lat'>⁵¹)</span> <span class='ocrx_word' id='word_1_345' title='bbox 466 3096 624 3130; x_wconf 83' lang='lat' dir='ltr'>Causam</span> <span class='ocrx_word' id='word_1_346' title='bbox 662 3108 728 3131; x_wconf 83' lang='lat' dir='ltr'>cur</span> <span class='ocrx_word' id='word_1_347' title='bbox 764 3097 856 3131; x_wconf 88' lang='lat' dir='ltr'>ebur</span> <span class='ocrx_word' id='word_1_348' title='bbox 893 3097 1067 3141; x_wconf 76' lang='lat' dir='ltr'>tingatur,</span> <span class='ocrx_word' id='word_1_349' title='bbox 1104 3098 1247 3141; x_wconf 83' lang='lat' dir='ltr'>primus</span> <span class='ocrx_word' id='word_1_350' title='bbox 1283 3095 1424 3131; x_wconf 83' lang='lat' dir='ltr'>addidit</span> <span class='ocrx_word' id='word_1_351' title='bbox 1448 3095 1607 3130; x_wconf 82' lang='lat' dir='ltr'>Ovidius.</span> <span class='ocrx_word' id='word_1_352' title='bbox 1656 3094 1791 3130; x_wconf 82' lang='lat' dir='ltr'>Vellem</span> <span class='ocrx_word' id='word_1_353' title='bbox 1815 3105 1888 3128; x_wconf 88' lang='lat' dir='ltr'>non</span> 
     </span>
     <span class='ocr_line' id='line_1_44' title="bbox 260 3151 1528 3199; baseline 0.001 -13"><span class='ocrx_word' id='word_1_354' title='bbox 260 3151 405 3187; x_wconf 84' lang='lat' dir='ltr'>fecisset</span> <span class='ocrx_word' id='word_1_355' title='bbox 414 3164 422 3197; x_wconf 83' lang='grc'>,-</span> <span class='ocrx_word' id='word_1_356' title='bbox 450 3163 534 3187; x_wconf 79' lang='lat' dir='ltr'>nam</span> <span class='ocrx_word' id='word_1_357' title='bbox 562 3164 603 3188; x_wconf 87' lang='lat' dir='ltr'>ea</span> <span class='ocrx_word' id='word_1_358' title='bbox 628 3153 751 3189; x_wconf 79' lang='lat' dir='ltr'>addita</span> <span class='ocrx_word' id='word_1_359' title='bbox 776 3164 923 3188; x_wconf 87' lang='lat' dir='ltr'>omnem</span> <span class='ocrx_word' id='word_1_360' title='bbox 948 3153 1098 3199; x_wconf 83' lang='lat' dir='ltr'>imagini</span> <span class='ocrx_word' id='word_1_361' title='bbox 1123 3153 1342 3189; x_wconf 79' lang='lat' dir='ltr'>suavitatem</span> <span class='ocrx_word' id='word_1_362' title='bbox 1366 3153 1528 3188; x_wconf 82' lang='lat' dir='ltr'>detersit.</span> 
     </span>
    </p>
   </div>
  </div>
 </body>
</html>
