2086 3470
238 307 536 363 metaphoram
582 320 607 350 a
645 308 794 362 primis
840 307 1014 350 humani
1060 307 1269 350 sermonis
1313 307 1447 349 initiis
1493 303 1697 349 usitatam
1744 302 1894 349 fuisse

238 377 335 420 Non
365 377 402 421 is
431 389 538 429 sum,
561 376 642 420 hoc
672 377 743 430 qui
765 380 908 430 neget,
931 377 1006 419 sed
1028 377 1071 419 in
1094 389 1143 419 ea
1165 377 1258 430 ipsa
1289 389 1337 419 re
1364 388 1521 418 novum
1542 380 1671 430 atque
1704 374 1892 418 validum

239 458 360 490 meae
391 446 631 489 sententiae
661 450 964 499 argumentum
985 446 1125 488 inesse
1147 445 1253 488 dico.
1314 446 1486 488 Etenim
1507 445 1603 488 istis
1623 444 1892 498 temporibus

238 515 353 558 haud
407 515 470 558 ita
515 527 672 568 magna
717 514 946 557 verborum
990 516 1111 569 copia
1156 514 1398 557 hominibus
1443 518 1618 568 praesto
1664 517 1772 566 erat,
1820 514 1893 567 qui

239 584 395 628 cotidie
426 584 577 637 ignota
607 584 820 636 animalia,
843 596 914 627 res
945 585 1235 638 incompertas
1255 583 1538 627 offenderunt.
1601 582 1710 634 Quid
1739 583 1893 625 mirum

241 654 278 696 si
308 666 390 696 non
413 653 602 710 propriis
623 652 986 707 appellationibus
1008 653 1151 696 omnia
1173 657 1443 706 notaverunt,
1467 653 1554 706 sed,
1578 665 1672 695 cum
1694 652 1893 695 viderent

240 724 380 766 inesse
430 722 559 765 rebus
609 723 729 765 novis
780 723 1103 765 similitudinem
1162 723 1373 776 quandam
1428 735 1524 765 cum
1584 723 1710 775 notis,
1762 722 1896 764 tacita

241 791 561 846 comparatione
591 791 706 834 facta
739 791 891 834 harum
923 793 1094 835 nomina
1132 792 1218 834 illis
1249 791 1540 845 metaphorice
1585 791 1894 844 imposuerunt.

242 861 409 905 Tacita
439 862 595 905 autem
639 862 934 917 comparatio
975 861 1284 917 metaphorae
1325 872 1459 904 usum
1489 861 1762 916 praecessit,
1794 872 1897 903 cum

241 930 571 986 metaphoram
616 930 790 974 nudam
834 931 990 974 animo
1040 932 1217 985 fingere
1262 943 1397 974 nemo
1443 930 1612 985 possit.
1673 930 1722 972 Id
1767 930 1894 979 enim,

242 1001 407 1055 opinor,
429 1012 554 1043 nemo
576 1000 679 1042 mihi
703 1013 784 1043 non
808 1001 1022 1052 concedet.¹
1047 1001 1083 1043 si
1105 1000 1157 1043 de
1179 1001 1259 1043 hac
1280 1012 1326 1042 re
1350 1000 1587 1054 quaeritur,
1617 999 1897 1042 semovendas

242 1081 337 1113 esse
368 1081 442 1112 eas
472 1069 758 1123 metaphoras,
802 1082 911 1123 quae
942 1068 1065 1112 nobis
1110 1070 1232 1123 quasi
1276 1070 1320 1111 in
1363 1082 1511 1112 sucum
1555 1074 1600 1111 et
1646 1069 1898 1122 sanguinem

243 1138 444 1182 abierunt
474 1139 621 1193 itaque
653 1139 839 1181 sermoni
869 1143 1016 1181 nostro
1038 1139 1257 1182 immixtae
1279 1143 1397 1191 sunt,
1431 1143 1491 1191 ut,
1516 1139 1588 1193 qui
1620 1139 1672 1181 iis
1705 1142 1896 1190 utantur,

242 1208 463 1252 rarissime
513 1209 715 1260 sentiant,
768 1207 1060 1262 metaphorice
1108 1221 1152 1251 se
1210 1209 1339 1262 loqui.
1416 1207 1495 1250 His
1551 1208 1686 1260 igitur
1744 1208 1898 1259 missis,

243 1277 474 1320 tenendum
506 1281 585 1330 est,
618 1277 895 1331 metaphoras
926 1278 1068 1331 eloqui
1097 1290 1180 1319 non
1211 1290 1348 1331 posse,
1382 1277 1463 1320 nisi
1496 1278 1569 1331 qui
1600 1281 1728 1320 antea
1758 1277 1900 1320 animo

243 1345 416 1390 finxerit
460 1347 596 1390 iustas
647 1347 1002 1400 comparationes.
1066 1346 1187 1397 Quod
1234 1347 1268 1389 si
1311 1350 1522 1390 statutum
1571 1350 1648 1398 est,
1697 1345 1896 1399 efficitur,

245 1417 512 1459 enuntiatam
546 1429 714 1470 quoque
736 1416 1100 1469 comparationem
1124 1420 1267 1458 aetate
1290 1416 1497 1458 minorem
1530 1428 1728 1458 essenon
1760 1428 1899 1470 posse,

245 1496 374 1540 quam
423 1485 736 1539 metaphoram.
824 1485 1036 1528 Nimirum
1092 1499 1176 1528 non
1229 1486 1379 1539 loquor
1429 1486 1481 1527 de
1532 1484 1903 1528 artificiosioribus

246 1555 615 1609 comparationum
662 1556 905 1605 structuris,
952 1568 1132 1609 quarum
1180 1555 1408 1608 splendore
1451 1569 1608 1607 ‘rm-sus,
1652 1569 1756 1608 quos
1801 1555 1899 1596 olim

250 1622 396 1666 Fauni
433 1627 625 1677 vatesque
667 1624 879 1676 cauebant,
921 1624 1107 1666 nondum
1151 1623 1336 1676 fulsisse,
1380 1625 1449 1666 vix
1491 1625 1558 1666 cui
1597 1625 1772 1666 dubium
1812 1625 1897 1667 erit

249 1693 333 1736 Sed
374 1693 487 1736 inter
529 1698 594 1736 tot
634 1694 776 1736 varias
815 1693 1140 1735 similitudinum
1189 1693 1350 1736 formas
1391 1707 1476 1736 una
1515 1694 1748 1747 reperitur,
1792 1706 1902 1747 quae

248 1762 439 1816 singulas
469 1763 762 1816 proportionis
794 1767 943 1816 partes
974 1775 1056 1805 non
1089 1764 1204 1805 inter
1236 1775 1281 1805 se
1305 1763 1528 1816 coniungit
1558 1763 1797 1818 particulis,
1828 1764 1903 1806 sed

249 1831 495 1886 asyndetice
517 1832 638 1874 iuxta
658 1833 791 1886 ponit,
816 1845 866 1874 ex
888 1845 970 1886 quo
998 1833 1104 1875 satis
1126 1833 1280 1883 elucet,
1304 1845 1399 1875 eam
1416 1832 1598 1875 formam
1616 1845 1699 1875 non
1721 1846 1746 1876 a
1763 1833 1903 1887 poetis

248 1913 343 1945 esse
373 1901 605 1954 inventam,
629 1914 766 1955 neque
798 1915 823 1943 a
853 1901 1111 1945 rhetoribus.
1141 1915 1320 1956 quorum
1345 1906 1498 1955 gustus
1521 1902 1730 1945 excultior
1751 1901 1905 1945 abhor—

247 1969 375 2014 rebat
394 1983 420 2013 a
441 1974 564 2013 tanta
586 1971 877 2024 simplicitate,
901 1971 974 2013 sed
998 1964 1050 2013 ab
1072 1971 1313 2014 hominibus
1334 1972 1509 2014 rusticis
1532 1977 1575 2014 et
1597 1973 1669 2025 qui
1690 1972 1773 2023 vix,
1796 1984 1905 2025 quac

249 2041 491 2093 cogitarent
512 2045 556 2082 et
577 2040 798 2092 sentirent,
822 2041 969 2094 paucis
1001 2040 1143 2083 verbis
1171 2042 1414 2094 exprimere
1436 2046 1624 2094 possent.
1676 2041 1797 2084 Hanc
1818 2040 1906 2083 for-

249 2121 363 2152 mam
384 2110 543 2164 quippe
561 2111 674 2152 omni
692 2114 786 2153 arte
804 2115 1022 2153 carent-em
1042 2111 1298 2153 Aristoteles
1315 2111 1612 2165 metaphoram
1634 2124 1660 2154 a
1682 2123 1906 2164 compara-

249 2179 366 2221 tione
396 2179 666 2230 distinguens
697 2179 823 2232 plane
854 2179 1057 2231 neglexit.
1098 2184 1146 2222 ut
1177 2181 1270 2233 ipsa
1301 2181 1393 2223 eius
1426 2181 1557 2223 verba
1590 2181 1696 2222 satis
1728 2180 1901 2223 demon—

251 2252 404 2291 strant.
466 2247 535 2291 Sic
576 2249 688 2291 enim
732 2253 799 2291 est
837 2249 947 2291 rhet.
990 2249 1052 2291 III
1091 2250 1140 2292 4:
1170 2249 1254 2291 ἐστι
1291 2251 1334 2291 δὲ·
1371 2253 1435 2291 καὶ
1476 2252 1500 2305 ἦ
1539 2252 1654 2291 εἰκῶν
1681 2254 1906 2305 μεταφορά.

252 2313 429 2370 διαφέρει
454 2315 532 2367 γὰρ
571 2315 721 2367 μικρόν·
761 2312 858 2354 ὅταν
892 2314 969 2366 μὲν
1007 2317 1084 2367 γὰρ
1127 2312 1218 2371 εἴπῃ
1260 2318 1330 2356 τὸν
1356 2313 1555 2368 Ἀχιλλέα
1596 2315 1674 2363 ,,ιῦς
1715 2315 1759 2355 δὲ
1803 2313 1904 2355 λέων

251 2387 502 2441 ἕπόρουσενῑί,
530 2389 645 2428 εἰκώ-ν
672 2389 789 2435 ἐστιν,
818 2386 913 2429 ὅταν
933 2389 975 2430 δὲ
1004 2390 1127 2438 „Za-'on'
1146 2389 1383 2443 sss‘zdpovofflss‘
1412 2391 1642 2444 μεταφορά.
1689 2388 1771 2439 Qui
1802 2387 1907 2430 haec

255 2455 444 2498 scribere
474 2456 629 2509 potuit,
662 2457 741 2499 nisi
774 2456 1016 2507 discrimen,
1062 2457 1173 2511 quod
1204 2457 1433 2500 intercedit
1464 2458 1577 2500 inter
1609 2457 1907 2511 metaphoram

182 2573 187 2579 ι
254 2528 298 2566 et
328 2525 704 2578 comparationem,
737 2527 778 2567 in
811 2527 1024 2579 particula
1055 2532 1130 2569 aut.
1161 2528 1302 2580 posita
1334 2531 1409 2569 aut
1441 2527 1597 2569 omissa
1630 2527 1794 2569 versari
1825 2539 1903 2580 pu-

255 2595 424 2636 tasset?
483 2594 682 2637 Formam
715 2595 851 2649 igitur
882 2596 1186 2648 asyndeticam,
1219 2609 1347 2650 quam
1379 2596 1572 2638 breviter
1603 2595 1723 2638 nobis
1756 2607 1909 2638 vocare

257 2661 398 2715 liceat,
445 2667 521 2706 out
560 2663 716 2715 omisit,
765 2670 841 2706 aut
883 2664 990 2707 falso
1037 2666 1078 2707 in
1122 2665 1472 2718 metaphorarum
1521 2677 1700 2707 numero
1746 2665 1908 2708 habuit.

257 2730 395 2784 Falso,
427 2731 533 2774 dico.
594 2732 715 2785 Nam,
749 2746 857 2787 quae
890 2735 1252 2787 comparationem
1295 2735 1449 2777 iustam
1483 2734 1683 2786 reddunt,
1726 2739 1911 2788 quatuor

253 2801 546 2853 >proportionis
576 2806 725 2855 partes
756 2802 934 2845 adsunt:
967 2803 1089 2845 abest
1111 2803 1235 2845 modo
1266 2804 1492 2857 particula.
1553 2804 1610 2846 Et
1643 2804 1696 2845 ad
1718 2807 1909 2846 nostram

259 2881 392 2923 usque
431 2874 619 2912 aetatem
661 2871 742 2913 viri
785 2871 899 2913 ‹loct-i
939 2871 1046 2914 hanc
1086 2871 1269 2915 formam
1300 2876 1376 2915 aut
1417 2872 1702 2925 neglexerunt
1746 2876 1822 2914 aut
1852 2896 1909 2901 -—

260 2939 382 2992 quasi
411 2951 540 2981 unam
582 2940 634 2981 de
666 2940 811 2982 multis
843 2965 900 2971 -
930 2941 1070 2984 obiter
1115 2941 1239 2983 modo
1280 2942 1533 2994 tetigerunt,
1577 2945 1626 2983 ut
1657 2940 1912 2994 Caspersius

262 3007 304 3049 in
336 3007 494 3059 libello,
525 3021 649 3062 quem
673 3010 843 3063 scripsit
868 3010 920 3052 de
943 3011 1335 3064 comparationibus
1358 3008 1671 3063 Ye1·gilianis³).
1706 3012 1910 3052 Attamen

401 3157 428 3201 ³)
455 3157 630 3202 Hagenau
657 3158 756 3193 1883.

1639 3250 1682 3284 1*
