2086 3470
944 140 1202 183 ,5-

243 279 529 331 delectationi,
568 278 692 322 facile
734 283 929 333 apparet,
973 278 1329 332 comparationes,
1372 277 1476 330 dico,
1519 278 1671 332 quibus
1711 278 1896 320 maxime

243 348 395 401 elucet,
428 351 590 402 quanta
620 348 804 391 veritate
834 348 1047 390 Homerus
1079 360 1181 390 usus
1212 347 1268 390 sit
1299 347 1342 389 in
1365 350 1521 389 natura
1551 358 1698 390 rerum
1729 346 1889 389 descri-

242 417 392 470 benda,
426 431 523 460 eum
554 417 762 460 haberent
801 417 941 470 finem,
986 421 1047 467 ut,
1088 417 1160 470 qui
1201 417 1392 459 carmina
1431 416 1615 458 recitata
1655 415 1898 467 audierunt,

245 487 508 530 suavissimis
550 486 807 540 imaginibus
855 487 1062 540 neglectis
1108 498 1252 529 secum
1298 489 1565 538 reputarent,
1614 498 1724 539 quae
1769 488 1898 538 poeta

243 561 374 599 antea
403 557 650 600 cecinerat?
710 555 831 606 Quod
862 556 897 598 si
929 568 1082 598 revera
1103 556 1244 597 animo
1268 555 1564 608 proposuisset
1594 558 1736 608 poeta,
1761 567 1900 598 nonne

246 629 459 680 putamus,
492 624 685 668 futurum
717 624 861 676 fuisse,
905 629 953 666 ut
993 624 1216 667 audientes
1257 624 1378 677 quasi
1419 623 1619 666 fascinati
1661 623 1897 677 imaginum

243 694 531 749 pulcritudine
563 693 640 737 has
672 694 763 736 eius
794 694 984 736 rationes
1026 693 1198 746 penitus
1229 693 1492 737 turbarent?
1551 693 1600 734 In
1643 692 1722 735 hoc
1762 693 1898 746 igitur

243 765 280 807 si
310 764 456 818 lapsus
487 767 554 807 est
573 763 797 814 Velsenus,
819 768 963 805 tamen
995 762 1109 805 haud
1138 762 1443 815 negligendum
1475 766 1553 814 est,
1577 761 1689 816 quod
1718 762 1897 816 primus,

243 834 286 876 ni
315 832 455 886 fallor,
487 833 609 884 vidit,
641 832 746 875 alias
788 832 884 874 aliis
926 832 1066 886 poetis
1097 831 1229 874 fuisse
1271 843 1435 882 causas,
1477 844 1554 873 cur
1595 831 1897 875 similitudines

241 903 506 947 adhiberent.
569 902 690 953 Nam,
723 906 771 943 ut
793 905 992 944 accurate
1014 913 1106 943 rem
1128 912 1429 954 exsequamur,
1452 899 1617 943 duobus
1648 913 1671 943 e
1693 900 1895 954 fontibus,

242 973 279 1015 si
319 971 580 1015 incunabula
620 972 728 1014 artis
765 971 959 1024 poeticae
1001 973 1260 1024 spectamus,
1300 969 1369 1011 hic
1408 969 1529 1012 fluxit
1568 983 1683 1023 usus,
1716 982 1897 1024 quorum

241 1041 354 1085 alter
384 1041 652 1095 largissimus
685 1044 817 1084 estet
856 1040 1052 1083 omnibus
1088 1043 1226 1092 notus,
1250 1044 1401 1093 poetas
1437 1038 1696 1092 imaginibus
1726 1039 1896 1093 planius

241 1111 456 1165 explicare
494 1110 722 1162 studuisse,
766 1110 801 1153 si
843 1110 945 1164 quid
985 1109 1243 1163 proferrent,
1287 1108 1400 1163 quod
1440 1122 1466 1151 a
1507 1108 1677 1162 vulgari
1716 1108 1897 1152 scientia

240 1180 447 1223 remotius
469 1192 562 1223 esse
590 1180 829 1222 crederent.
891 1178 983 1221 Hoc
1003 1183 1052 1221 ut
1071 1178 1341 1232 perficerent,
1365 1177 1420 1220 ad
1441 1178 1651 1231 imagines
1672 1176 1895 1232 fingendas

239 1249 466 1303 elegerunt
496 1261 579 1300 res,
612 1261 721 1303 quae
744 1249 872 1302 vulgo
903 1252 1031 1290 notae
1062 1251 1138 1290 aut
1169 1251 1286 1290 certe
1307 1247 1524 1290 faciliores
1546 1247 1723 1301 cognitu
1754 1251 1892 1301 erant,

239 1331 367 1373 quam
388 1331 497 1373 quae
518 1318 907 1372 comparationibus
929 1317 1150 1361 illustrare
1171 1316 1442 1361 studuerunt.
1503 1317 1621 1359 Bene
1652 1316 1892 1360 Passowius

239 1387 318 1431 hac
348 1388 401 1431 de
438 1401 485 1431 re
525 1388 740 1431 disserens
754 1386 811 1443 ⁵):
856 1387 1223 1441 „conwarationea
1265 1387 1416 1440 inquit,
1458 1400 1526 1428 res
1557 1386 1814 1439 praeteritas
1849 1391 1896 1429 ut

239 1458 506 1501 &lucidiores
535 1458 725 1509 reddant,
757 1472 850 1499 ccmo
880 1458 934 1500 iis
974 1457 1203 1512 conferant,
1246 1470 1351 1510 (succe
1380 1455 1505 1498 etia-m
1533 1470 1644 1499 amone
1674 1456 1891 1499 acco'dmzffl

239 1528 442 1582 additque
473 1527 602 1571 schol.
644 1527 748 1570 Ven.
793 1531 846 1569 11.
875 1534 962 1573 364.
1000 1529 1022 1569 ὁ
1055 1530 1132 1583 γάρ
1154 1526 1340 1581 (Όμηρος
1373 1527 1453 1568 ἀπὸ
1481 1530 1562 1568 τῶν
1594 1526 1894 1581 γινωσκομένων

239 1602 337 1640 πᾶσι
364 1603 531 1640 ποιεῖται
564 1602 636 1648 τὰς
663 1599 878 1652 ὁμοιώσεις.
934 1595 1083 1650 Neque
1115 1607 1219 1639 vero
1241 1595 1363 1638 licuit
1384 1595 1423 1637 ei
1454 1594 1639 1647 aliunde,
1672 1595 1708 1638 si
1739 1608 1893 1638 revera

240 1667 283 1710 id
313 1667 539 1721 spectavit,
585 1691 642 1697 —
687 1666 800 1721 quod
830 1670 948 1709 recte
993 1666 1097 1708 mibi
1142 1665 1352 1708 Velsenus
1397 1667 1661 1707 monstrasse
1706 1665 1889 1718 videtur,

242 1740 314 1790 „ut
342 1737 485 1780 eadem
514 1737 679 1779 duabus
710 1736 957 1790 pluribusve
986 1735 1121 1777 neoclis
1152 1735 1384 1786 declarans,
1421 1737 1637 1788 tamquam
1673 1734 1814 1777 *vivant
1844 1749 1894 1777 ac

238 1809 490 1859 moveantur,
522 1810 615 1849 colite
645 1806 782 1848 oculos
800 1806 970 1859 pomctf‘
1034 1804 1315 1858 Quamquam,
1347 1817 1447 1846 num
1479 1804 1522 1846 id
1556 1803 1777 1858 spectarit,
1807 1817 1890 1848 non

237 1888 410 1931 premo:
444 1875 585 1919 effecit
606 1880 735 1929 certe,
770 1880 818 1918 ut
848 1889 932 1924 res,
966 1876 1018 1917 de
1041 1874 1195 1929 quibus
1217 1874 1321 1928 agit,
1353 1873 1476 1927 quasi
1497 1886 1610 1916 nunc
1633 1877 1891 1926 gererentur

237 1946 316 1989 sub
356 1950 577 2000 aspectum
618 1949 814 1989 nostrum
855 1946 1039 1987 veniant.
1112 1945 1255 1995 Quare
1291 1948 1360 1986 est
1408 1944 1582 1997 aliquid,
1625 1945 1739 1999 quod
1776 1946 1891 2000 apud

237 2015 590 2059 Friedlanderum
632 2015 836 2070 invenizss)
873 2014 1049 2067 „Itidem
1087 2014 1152 2056 (lie
1184 2012 1441 2056 Gleiclmisse
1480 2013 1559 2056 cleu
1598 2014 1784 2071 Verlach
1817 2016 1891 2058 cler

236 2083 514 2140 Darstellzmy
553 2100 609 2127 cm
649 2085 812 2127 sole-laen
844 2083 1036 2126 Pansam
1077 2083 1382 2135 ‹ectcterbrechem
1423 2098 1487 2125 wo
1526 2084 1586 2127 sic
1623 2098 1742 2126 zwoer
1780 2084 1891 2127 nicht

236 2155 529 2198 unabweesbar
555 2155 767 2210 yefordert
797 2154 972 2211 werden,
1005 2154 1104 2196 aber
1134 2167 1197 2195 wo
1229 2153 1308 2195 das
1338 2152 1580 2208 Beclz‘irfnis
1621 2154 1692 2197 des
1722 2154 1890 2198 Harers

237 2225 322 2280 auf
345 2224 411 2267 ein
441 2224 643 2267 Verteilen
662 2224 751 2266 und
775 2222 1181 2266 Vei-cmselmuh'chen
1206 2223 1281 2265 der
1299 2223 1557 2278 ‘'lbcrmdssiy
1576 2224 1890 2279 zecdrinyenden

237 2292 477 2336 Eimlrc‘icke
507 2294 578 2336 (les
600 2292 750 2348 Stoffes
779 2292 980 2345 hinweist,
1009 2292 1135 2347 ychen
1165 2292 1225 2333 sie
1255 2292 1338 2347 aas
1363 2293 1498 2335 cinrm
1525 2291 1713 2347 Umweye
1739 2293 1889 2347 yleick-

235 2376 330 2405 sam
360 2362 476 2406 einen
496 2362 655 2405 Ersatz
673 2363 759 2417 fiir
790 2362 855 2404 die
885 2363 977 2404 dem
998 2361 1116 2415 Epo&
1146 2365 1332 2416 vers-asse
1366 2360 1580 2404 szktefon
1610 2361 1684 2404 cler
1706 2362 1889 2405 direlcten

237 2431 589 2488 Beschreibzmffl.
622 2432 888 2486 Quamquam
920 2431 964 2474 id
994 2431 1225 2474 tenendum
1257 2434 1336 2483 est,
1370 2431 1733 2485 comparationem
1763 2432 1888 2475 modo

239 2502 414 2557 „quasi“
460 2515 540 2556 pro
598 2500 959 2555 descriptionibus
1004 2500 1212 2552 adhiberi,
1259 2513 1358 2543 nam
1405 2500 1705 2554 descriptionis
1751 2502 1887 2545 vicem

235 2570 410 2624 explere
440 2572 587 2626 utique
618 2584 702 2614 non
732 2575 888 2625 potest.
922 2570 1007 2613 Sed
1037 2574 1087 2612 ut
1117 2570 1202 2613 iam
1224 2582 1468 2624 pergamus,
1501 2570 1686 2613 alterum
1709 2570 1884 2625 fontem,

236 2651 363 2694 quem
394 2639 477 2683 viri
518 2640 630 2683 docti
662 2640 799 2683 adhuc
838 2653 923 2683 non
960 2643 1233 2691 curaverunt,
1275 2652 1534 2694 quamquam
1577 2640 1612 2683 si
1644 2652 1790 2683 veram
1821 2642 1886 2684 rei

235 2709 447 2752 rationem
478 2710 627 2763 exigis,
670 2710 796 2763 longe
837 2710 1012 2764 gravior
1041 2709 1261 2752 habendus
1293 2712 1372 2762 est,
1416 2709 1459 2751 in
1490 2721 1541 2752 eo
1572 2710 1727 2762 inveni,
1773 2711 1885 2764 quod

235 2778 440 2831 homines,
474 2792 653 2833 quorum
685 2780 815 2822 animi
847 2779 1032 2822 nondum
1076 2782 1171 2822 arte
1202 2779 1342 2832 logica
1380 2778 1555 2822 formati
1595 2783 1640 2822 et
1670 2779 1732 2822 ita
1763 2780 1885 2822 insti-

236 2848 321 2890 tuti
366 2852 503 2901 erant,
550 2852 597 2891 ut
643 2848 747 2890 nihil
792 2852 968 2902 praeter
1008 2849 1280 2902 propositum
1326 2852 1585 2902 spectarent,
1635 2849 1747 2903 quod
1791 2850 1884 2903 eJ'us

236 2917 349 2959 modi
380 2916 585 2970 homines,
618 2918 654 2960 si
685 2942 741 2947 —
772 2918 871 2960 dum
903 2918 955 2960 de
988 2930 1071 2960 una
1102 2930 1150 2960 re
1191 2921 1327 2970 agunt
1356 2942 1412 2947 —
1443 2918 1581 2961 simile
1613 2918 1714 2972 quid
1755 2918 1807 2961 iis
1839 2919 1883 2961 in

373 3055 400 3099 ὖ)
424 3054 470 3090 de
496 3054 833 3100 comparationibus
858 3055 1063 3090 Homericis
1086 3055 1206 3090 Berol.
1234 3055 1288 3090 18.

372 3113 403 3158 ¹⁵)
428 3111 597 3160 Beitriige
622 3124 689 3148 zur
714 3112 895 3148 Kenntnis
921 3113 986 3148 der
1011 3112 1270 3149 homerischen
1295 3112 1534 3150 Gleichnisse.
1582 3112 1708 3150 Berlin
1734 3112 1834 3150 1870.
