2086 3470
937 182 1224 229 „34-

399 318 492 366 Ars
522 322 716 366 musica.
778 322 972 365 Sonitum
993 322 1123 365 tibiae
1144 322 1342 366 Moschus
1373 317 1416 365 in
1445 322 1645 375 carmine,
1672 321 1894 378 „Europa“

263 390 375 444 quod
404 391 651 433 inscribitur
682 391 824 444 inepte
866 395 1085 443 comparat
1116 403 1210 433 cum
1243 391 1361 434 bovis
1391 392 1561 445 mugitu
1591 393 1659 437 97.
1690 394 1839 448 Αὐτὰρ
1878 394 1899 436 ὃ

262 453 454 507 μειλίχιον
485 457 892 509 μυκήσατο·φαῖὀκεν
926 456 1049 496 αὐλοῦ
1083 454 1318 508 Μυγδονίου
1353 457 1494 509 γλυκὺν
1531 451 1630 511 ἦχον
1656 457 1899 509 α’νηπύοντυς

263 529 431 568 ἀκούειν.
475 527 663 570 Fistulae
711 526 892 569 formam
932 527 1108 570 Ovidius
1146 527 1330 571 adhibet.
1366 531 1473 571 met.
1512 528 1615 571 VIII
1654 529 1750 574 191.
1803 527 1899 582 „Sic

262 595 419 637 rustica
465 595 674 649 qnondam
707 596 856 650 fistula
919 596 1161 648 disparibus
1211 597 1422 649 paulatini
1465 597 1601 651 suryit
1644 598 1812 640 avenis“
1855 602 1900 640 et

263 663 361 706 ibid.
394 663 490 708 XII.
530 664 613 706 481
658 665 849 718 tympani
891 665 1098 707 sonitum:
1142 668 1240 718 „ant
1269 665 1307 707 si
1344 665 1437 718 quis
1467 679 1604 718 parvo
1632 665 1770 720 feriat
1798 679 1900 708 cava

262 736 463 787 tympana
482 734 625 775 saxofl
671 733 795 786 Apud
816 733 1095 786 Priapeorum
1117 738 1312 776 auctores
1333 735 1398 776 bis
1419 735 1658 777 invenimus
1678 734 1900 778 obscenam

263 802 492 854 imaginem
513 801 675 843 eithara
704 802 857 844 tensior
888 803 926 854 6,
959 801 999 853 5,
1031 802 1098 854 68,
1124 803 1190 846 16.
1224 802 1516 853 Citharoedos,
1538 803 1610 856 qui
1631 803 1698 845 vel
1729 814 1900 846 carcere

265 869 397 912 clausi
435 870 485 912 de
525 869 770 912 libidinibus
810 870 961 912 saltem
1003 871 1203 923 cogitent,
1246 874 1413 924 spectat
1443 871 1508 923 77,
1543 872 1596 914 18
1633 885 1742 913 nnnc
1771 871 1900 913 vitaon

255 951 415 992 pcrayo
444 961 502 967 —
530 937 624 990 quis
653 937 727 979 hoc
748 937 953 991 putaret?
981 963 1038 967 —
1066 942 1111 980 nt
1147 938 1287 980 clusus
1325 938 1585 981 citharoedus
1623 939 1898 982 abstinentem.

401 1051 491 1096 Ars
522 1052 758 1107 pingendi.
821 1052 942 1103 Quod
983 1053 1110 1095 etiam
1153 1053 1266 1107 apud
1303 1066 1380 1096 nos
1424 1065 1551 1107 saepe
1589 1052 1650 1104 fit,
1691 1057 1740 1096 ut
1769 1052 1900 1097 facies

264 1121 493 1174 perpulcra
524 1122 645 1174 quasi
675 1121 791 1174 picta
812 1134 904 1164 esse
927 1122 1106 1174 dicatur,
1123 1121 1178 1175 47)
1211 1125 1351 1164 exstat
1381 1122 1551 1176 quidem
1583 1122 1696 1176 apud
1726 1125 1896 1166 veteres

264 1213 320 1218 --
340 1193 389 1232 ut
409 1190 452 1231 in
474 1189 670 1243 Aeschyli
692 1190 1009 1242 Agamemnone
1026 1191 1110 1233 240
1132 1191 1332 1245 Hoenovo'
1354 1191 1458 1241 ὅπως
1477 1192 1520 1233 ἐν
1546 1196 1718 1247 γραφαῖς
1746 1193 1900 1244 poetae

266 1258 444 1310 elegiaci
476 1261 619 1299 autem
643 1261 803 1300 certam
825 1270 994 1311 semper
1015 1257 1196 1300 formam
1219 1263 1532 1311 spectaverunt.
1566 1259 1691 1312 Prop.
1723 1259 1755 1311 Ι,
1787 1258 1828 1310 2,
1846 1259 1901 1302 22

264 1327 337 1369 sed
355 1326 496 1381 facies
527 1326 684 1378 aderat,
714 1327 843 1368 nullis
874 1327 1049 1368 obnooeia
1086 1327 1272 1381 ycniniis,
1304 1327 1441 1380 qualis
1481 1327 1667 1380 Apelleis
1705 1331 1764 1370 est
1793 1327 1902 1370 color

266 1395 312 1436 in
353 1394 518 1436 tabulis.
580 1394 655 1436 Ov.
689 1407 770 1439 am.
812 1395 886 1445 III,
918 1396 957 1447 2,
990 1395 1058 1445 31,
1103 1395 1206 1437 talia
1242 1395 1479 1449 pinynntnr
1508 1396 1734 1438 succinctae
1776 1409 1903 1438 crura

266 1461 446 1515 Dianae,
479 1476 571 1504 cnm
600 1463 786 1515 seqnitur
804 1464 943 1517 fortes
961 1464 1123 1517 fortior
1151 1464 1245 1516 ipsa
1263 1464 1401 1518 feras.
1435 1468 1535 1507 met.
1563 1465 1613 1507 X.
1645 1465 1730 1508 515
1759 1464 1902 1518 qualia

265 1545 443 1585 namque
487 1545 662 1584 corpora
704 1532 914 1573 nudorum
958 1532 1101 1573 tabula
1137 1532 1372 1586 pinqnntnr
1402 1532 1621 1584 Amorum,
1666 1533 1764 1575 talis
1800 1536 1901 1576 erat.

267 1600 533 1643 Subiciamus
563 1600 644 1651 hic,
677 1613 785 1653 quae
818 1600 868 1642 de
914 1603 1007 1642 arte
1040 1604 1181 1642 vestes
1212 1601 1406 1654 tingendi
1438 1602 1644 1654 imagines
1677 1605 1776 1644 sunt
1795 1601 1900 1644 Hor.

267 1682 311 1712 c:
343 1669 417 1721 ΙΙΙ,
450 1668 488 1721 5,
521 1669 575 1710 27
605 1682 732 1721 neque
763 1669 941 1710 (linissos
971 1669 1124 1711 colores
1154 1669 1254 1711 lana
1283 1669 1411 1723 refert
1441 1670 1643 1712 medicata
1660 1670 1767 1724 fuco
1797 1673 1903 1712 ct—

268 1738 304 1780 si
332 1737 443 1779 hunc
474 1737 611 1779 locum
643 1737 710 1778 hic
749 1737 903 1779 afferre
949 1738 1048 1779 licet
1088 1762 1144 1766 —
1188 1738 1263 1782 Ov.
1296 1742 1395 1780 met.
1428 1738 1479 1790 X,
1512 1738 1595 1781 595
1625 1738 1741 1780 hand
1769 1738 1902 1790 aliter,

269 1820 395 1859 qnam
427 1819 519 1847 cuni
549 1819 674 1858 snper
705 1806 817 1847 atria
855 1806 987 1847 velum
1026 1807 1206 1848 candida
1228 1820 1491 1859 pnrpnreimi
1527 1806 1749 1849 simulatas
1777 1806 1904 1862 inficit

268 1875 453 1917 umbras.

406 1988 498 2032 Ars
529 1988 776 2032 statuaria.
837 1988 978 2031 Etiam
1025 1993 1194 2032 statuae
1239 1990 1281 2031 in
1335 1990 1721 2042 comparationibus
1765 1989 1902 2032 locum

267 2057 438 2100 habent.
479 2057 656 2101 Theocl'.
680 2058 747 2108 22,
768 2058 822 2099 47
855 2061 1012 2113 στήθεα
1040 2059 1076 2098 δ’
1105 2059 1327 2112 &Hispalorum
1347 2061 1519 2111 πελώρια
1537 2061 1600 2099 καὶ
1627 2062 1752 2100 πλατὺ
1779 2063 1904 2099 νῶτον

270 2129 383 2181 σαρκὶ
411 2127 596 2183 σιδηρείῃ,
625 2129 874 2181 σφυρήλατος
908 2123 972 2166 οἷα
999 2129 1194 2176 κολοσσός,
1228 2127 1452 2168 materiam
1483 2130 1663 2179 spectat,
1684 2126 1902 2180 Pl'op.III.

273 2195 310 2246 1,
342 2196 394 2236 21
426 2198 471 2235 itt
501 2197 622 2247 capnt
663 2194 707 2236 in
746 2194 911 2248 magnis
952 2194 1024 2235 nbi
1063 2208 1146 2236 non
1176 2198 1235 2236 cst
1274 2198 1440 2248 tanyere
1468 2194 1613 2249 siynis,
1635 2194 1811 2247 ponitur
1839 2194 1905 2236 liic

269 2263 375 2304 imos
405 2266 499 2305 ante
528 2276 679 2304 corona
712 2263 850 2315 pedes,
894 2264 1241 2316 magnitudinem,
1283 2268 1446 2306 certum
1488 2276 1621 2316 genus
1663 2267 1904 2307 statuarum

271 2331 364 2374 Cat.
397 2332 464 2384 64,
496 2332 549 2373 61
582 2346 699 2384 quoni
727 2332 879 2384 procul
908 2346 958 2373 ca*
988 2332 1082 2386 alya
1114 2332 1282 2374 maestis
1311 2331 1472 2373 Minois
1511 2332 1658 2383 ocellis,
1700 2345 1830 2374 saoeea
1858 2335 1906 2373 ut

269 2400 426 2454 effiyies
456 2398 711 2441 Bacchantis
732 2400 946 2453 prospicit.
1007 2400 1142 2450 Quam
1173 2406 1315 2443 autem
1346 2401 1412 2452 81,
1444 2401 1472 2441 4
1509 2400 1636 2442 habet
1675 2401 1902 2454 imaginem

269 2469 467 2510 inaurata
500 2469 705 2521 pallidior
748 2472 888 2510 statua
930 2481 1182 2522 componere
1228 2469 1355 2511 liceat
1400 2481 1494 2510 cum
1526 2469 1700 2511 Theocr.
1732 2469 1771 2522 2,
1805 2468 1896 2511 110.

270 2539 357 2578 ἄλλ)
382 2538 534 2591 ἕπάγην
567 2538 701 2591 δαγῦδι
722 2540 839 2578 καλὸν
866 2540 968 2591 χρόα
997 2541 1200 2578 πάντοθεν
1226 2534 1295 2578 ἶσα
1321 2549 1414 2578 cum
1445 2536 1568 2578 ambo
1588 2536 1669 2578 loci
1700 2536 1902 2590 pallidum

272 2604 456 2646 colorem
488 2608 695 2657 spectent.
741 2604 817 2646 Ov.
850 2608 949 2647 met.
983 2604 1050 2655 15,
1084 2605 1179 2649 169.

483 2671 610 2725 thue
639 2673 756 2714 novis
782 2673 932 2726 facilis
973 2673 1165 2726 sigmatnr
1195 2686 1286 2715 cera
1306 2673 1474 2728 fitanis,

479 2741 567 2783 Nec
596 2745 744 2793 neanet,
774 2745 820 2782 nt
837 2742 998 2795 fuerat,
1029 2755 1100 2783 nec
1118 2741 1291 2795 formas
1320 2744 1457 2784 servat
1487 2740 1659 2793 easdem,

410 2900 453 2944 4⁷)
478 2899 549 2934 hoc
595 2899 705 2934 etiam
750 2900 939 2944 imagines,
990 2911 1081 2943 quae
1124 2900 1161 2934 in
1201 2900 1378 2935 Gudruna
1418 2900 1495 2943 660,
1538 2900 1625 2934 1601
1667 2900 1827 2943 itemque
1867 2899 1905 2934 in

272 2955 485 3002 Nibelungis
528 2958 680 2999 exstant,
722 2957 939 3001 significant,
980 2968 1098 3000 neque
1137 2956 1308 3002 intellego
1345 2968 1411 2992 cur
1443 2957 1713 2991 Frommannus
1750 2957 1787 2990 in
1822 2967 1905 3001 pro—

274 3015 477 3057 grammate
502 3013 748 3058 Buedingensi
772 3013 861 3048 1882
886 3014 1126 3059 contemptim
1150 3025 1211 3048 eas
1235 3014 1419 3049 abiecerit.

411 3069 455 3115 4⁸)
479 3070 625 3104 Retinet
665 3070 841 3104 nimirum
882 3070 994 3104 facies
1035 3071 1193 3104 hominis
1234 3070 1302 3105 sub
1343 3071 1546 3105 meridiano
1589 3070 1689 3105 caelo
1730 3070 1904 3115 degentis,

274 3126 418 3160 etiamsi
443 3126 620 3171 pallescit,
646 3126 789 3161 fulvum
815 3126 985 3162 colorem.
