2086 3470
897 159 1184 202 ...37-

214 299 345 354 Verg.
382 299 487 344 Aen,
524 299 575 342 X.
614 299 696 342 135
745 300 867 354 quale
898 314 977 353 per
1013 302 1146 341 ανΐοηι
1188 297 1393 340 inclusam
1434 297 1541 339 buato
1592 300 1665 338 (ιιιύ
1719 295 1867 339 Oricea

213 368 436 412 terebintho
466 368 570 411 lueet
599 369 711 420 ebur,
744 369 848 411 ebur
870 370 982 412 vitro
1004 371 1165 411 tectum
1198 367 1274 410 Ov.
1292 370 1381 409 met
1401 366 1473 411 IV.
1496 366 1581 410 354
1611 369 1657 408 at
1686 367 1867 409 eburnea

213 438 254 481 si
282 437 376 492 quis
404 437 528 494 ssiqna
557 441 666 493 teglat
695 439 808 480 claro
840 439 901 482 vel
930 437 1113 480 candida
1143 436 1234 478 lilia
1264 436 1382 477 vitro.
1427 435 1533 478 Cum
1564 436 1649 479 iam
1681 439 1864 488 veteres,

215 507 296 551 nisi
327 507 441 551 caeci
470 506 643 560 fuerint,
677 508 846 561 vidisse,
879 521 1006 562 quam
1037 507 1197 550 vitrum
1228 506 1286 549 sit
1316 505 1599 559 splendidum,
1633 505 1866 548 verisimile

214 580 295 628 est,
325 576 552 631 Zingerleo
575 589 656 620 non
681 578 908 630 assentior,
931 577 998 619 cui
1021 575 1115 628 „fiir
1136 575 1212 618 das
1235 574 1572 629 wechselseitige
1595 574 1866 618 Verhaltniss

213 645 313 689 sehr
342 645 657 689 bezeichnend“
699 650 775 699 est,
793 645 846 700 52)
889 646 1000 701 quod
1040 645 1154 699 apud
1194 644 1424 687 Horatium
1466 656 1500 688 c,
1543 643 1617 688 III.
1653 644 1718 696 13,
1762 643 1786 685 1
1821 646 1865 686 et

214 714 415 758 Ovidium
457 718 557 759 met.
589 715 708 757 XIII.
749 716 828 758 791
871 718 1011 758 exstet
1056 713 1339 768 „splendidior
1367 713 1512 755 vitro.“
1577 713 1635 756 Ut
1670 713 1774 756 ebur
1805 713 1867 756 ita

214 785 344 828 etiam
391 796 580 828 marmor
621 798 646 827 a
685 785 824 839 poetis
867 785 920 827 ad
951 785 1107 827 coloris
1139 783 1482 838 comparationes
1513 783 1751 826 adhibitum
1783 786 1862 828 est.

213 853 324 898 Sunt
354 858 512 906 autem,
553 857 602 896 ut
643 854 756 908 apud
787 867 952 907 aurum,
994 854 1076 897 duo
1109 853 1393 906 disiungenda
1424 864 1597 906 genera.
1674 852 1866 895 Alterius

213 923 496 978 splendorem,
529 923 643 978 quod
673 924 864 978 respicit,
907 923 1126 977 exemplar
1156 923 1301 965 inveni
1338 922 1452 975 apud
1484 921 1759 964 Theocritum
1790 921 1863 974 VI,

211 994 268 1037 37
322 998 405 1036 τῶν
432 992 476 1037 δέ
502 995 715 1036 τ’ὅὸὀντων
741 993 974 1048 λευκοτέραν
994 995 1125 1049 αὐγάν
1166 995 1323 1047 Πάριας
1350 990 1546 1047 ὑπέφαινε
1572 992 1702 1033 λίθοιο
1720 989 1775 1045 5²)
1821 994 1866 1033 et

212 1063 327 1118 apud
357 1062 586 1106 Horatium
608 1075 642 1105 c.
666 1062 699 1114 I,
723 1063 789 1115 19,
823 1063 850 1105 6
880 1062 967 1104 «ecrit
996 1076 1059 1105 me
1092 1061 1294 1116 Glycerae
1322 1060 1435 1103 ‘nitor
1455 1061 1708 1114 splendentis
1731 1060 1865 1102 Pario

211 1145 424 1176 marmore
434 1131 606 1186 purius.
629 1132 808 1175 alterius
825 1144 956 1174 unum
978 1131 1101 1174 modo
1124 1130 1278 1173 afferre
1300 1142 1474 1183 possum
1492 1129 1570 1174 Ov.
1595 1143 1675 1175 arn.
1694 1130 1726 1182 Ι,
1747 1131 1784 1183 7,
1807 1129 1863 1172 52

417 1200 565 1244 Astitit
593 1202 669 1244 illa
698 1215 843 1244 amens
873 1201 966 1243 albo
996 1205 1033 1244 et
1061 1200 1151 1243 sine
1181 1199 1386 1255 sanquine
1414 1199 1532 1241 vultu

487 1272 718 1315 caeduntur
750 1271 899 1314 Pariis
929 1270 1076 1326 qualia
1105 1284 1214 1313 sacca
1243 1269 1366 1324 ἰαθεὶς.

212 1353 284 1398 ubi
314 1357 586 1408 pentametro
616 1353 723 1396 illud
753 1352 850 1396 albo
882 1353 1004 1395 vultu
1036 1350 1248 1394 definitur.
1311 1350 1434 1401 Quod
1475 1353 1619 1393 autem
1650 1350 1866 1393 Washiet-

210 1423 293 1467 lius
323 1423 402 1466 hac
433 1423 620 1477 imagine
651 1424 782 1466 etiam
805 1422 1064 1466 adiectivum
1086 1433 1233 1464 amens
1265 1420 1476 1463 illustrari
1507 1423 1644 1473 putat,
1665 1420 1863 1474 equidem

211 1491 396 1547 probare
436 1492 549 1536 haud
590 1493 730 1535 velim.
793 1492 1062 1546 Quamquam
1106 1503 1188 1533 uon
1233 1490 1385 1544 ignoro
1426 1489 1625 1532 Ovidium
1670 1489 1863 1532 homines

211 1574 367 1616 magno
413 1565 588 1616 stupore
634 1561 810 1605 affectos
854 1565 900 1604 et
945 1564 1138 1604 amentes
1170 1559 1382 1614 lapidibus
1415 1571 1679 1612 comparare,
1714 1562 1763 1601 ut
1794 1562 1862 1601 est

213 1635 314 1675 met.
346 1631 526 1675 111419.
559 1631 710 1684 haeret,
742 1634 787 1673 ut
817 1646 837 1673 ο
859 1630 992 1672 Pario
1012 1630 1255 1685 formatum
1285 1642 1495 1671 marmore
1524 1628 1704 1683 sigmmn,
1737 1640 1864 1682 quem

210 1700 351 1744 locum
365 1701 553 1755 primum
571 1700 717 1753 affero,
735 1701 835 1755 quia
846 1700 1074 1743 Narcissus
1091 1712 1174 1742 non
1191 1698 1445 1752 simpliciter
1462 1698 1676 1750 immotus,
1693 1701 1741 1740 ut
1754 1697 1863 1751 lapis

211 1769 344 1814 fuisse
365 1771 536 1822 dicitur,
554 1770 630 1813 sed
650 1773 700 1812 ut
730 1773 875 1812 statua
896 1782 918 1812 e
950 1780 1165 1812 marmore
1187 1767 1385 1819 formata,
1408 1767 1554 1821 itaque
1576 1766 1657 1809 hac
1677 1766 1863 1820 imagine

211 1843 340 1894 poeta
360 1839 528 1894 lepidus
549 1840 680 1882 etiam
701 1839 1034 1893 pulcritudinem
1065 1837 1351 1880 adulescentis
1373 1836 1645 1891 aliquatenus
1674 1836 1864 1878 indicare

211 1908 388 1952 studuit.
449 1908 567 1960 Quae
598 1921 701 1951 vero
732 1908 950 1962 leguntur,
977 1908 1067 1950 her.
1091 1908 1142 1951 X.
1166 1906 1223 1950 50
1253 1919 1458 1960 quamque
1487 1905 1598 1959 lapis
1617 1905 1746 1957 sedes,
1777 1909 1865 1947 tam

209 1979 321 2033 lapis
340 1978 436 2033 ipsa
453 1978 532 2034 fai
548 1982 592 2021 et
607 1982 708 2023 met.
724 1978 776 2022 V.
794 1978 878 2022 509
900 1981 1032 2020 mater
1056 1978 1113 2019 acl
1129 1977 1299 2019 auditas
1314 1976 1473 2030 stupuit
1498 1990 1570 2018 ceu
1591 1990 1722 2018 saxea
1736 1990 1863 2028 voces,

209 2061 295 2092 non
326 2049 405 2092 nisi
428 2052 649 2103 stuporem
670 2049 919 2102 respiciunt.
981 2047 1240 2091 Graecorem
1261 2047 1371 2089 hanc
1391 2046 1623 2099 imaginem
1646 2046 1862 2100 Theognis

210 2118 342 2162 habet
370 2118 466 2162 568.
499 2119 678 2173 κείσομαι
707 2118 803 2169 dign:
831 2118 946 2168 λίθος
973 2117 1190 2173 ἄφθογγος.
1258 2116 1419 2159 Eadem
1461 2115 1653 2170 lapidum
1699 2116 1763 2158 Vis
1809 2115 1864 2158 ad

211 2188 414 2231 duritiem
445 2188 576 2230 animi
615 2186 915 2230 illustrandam
953 2190 1187 2240 usurpatur
1218 2186 1330 2239 Meg.
1363 2185 1421 2227 44
1458 2188 1637 2240 μόχθων
1677 2187 1767 2236 τούς
1799 2186 1864 2226 ἐπὶ

211 2257 328 2308 γαῖαν
346 2254 552 2307 α’λίόμενος
581 2253 652 2308 ἠδὲ
674 2254 889 2293 θάλασσαν
916 2251 1109 2306 μοχθίζει
1131 2249 1276 2305 πέτρης
1295 2249 1351 2304 ὃγ”
1380 2249 1488 2304 ἔχων
1508 2251 1597 2291 νόον
1626 2249 1671 2303 ἠὲ
1700 2250 1864 2304 σιδήρου

210 2330 401 2382 κάρτερσν
432 2327 475 2368 ἐν
503 2329 735 2382 στήθεσσιν.
763 2325 868 2368 Hor.
901 2338 936 2367 e.
969 2325 1045 2376 ΙΙΙ,
1093 2326 1131 2376 7,
1178 2325 1231 2366 21
1277 2324 1463 2378 scopulis
1502 2323 1677 2366 surdior
1720 2322 1862 2365 Icari.-

210 2395 341 2449 Verg.
372 2395 477 2440 Aen.
512 2395 581 2438 VI.
613 2395 695 2437 471
728 2408 801 2438 nec
839 2396 977 2450 mamis
1023 2395 1181 2448 incepto
1227 2393 1388 2436 vultum
1431 2407 1619 2436 saracene
1663 2395 1861 2445 movetur,

209 2478 337 2519 quam
365 2465 404 2507 si
434 2463 545 2507 dura
573 2465 680 2507 silex
710 2467 785 2506 aut
813 2467 891 2506 stet
919 2463 1147 2517 Marpesia
1177 2466 1329 2505 cautes.
1383 2462 1459 2505 Ov.
1494 2465 1592 2507 met.
1626 2461 1741 2504 XIII.
1775 2462 1859 2504 713

211 2534 361 2578 durior
390 2537 429 2576 et
456 2547 561 2577 saxo
592 2533 703 2587 quod
723 2533 860 2576 adhue
889 2534 1030 2575 vivum
1065 2532 1208 2575 radice
1239 2535 1411 2575 tenetur.
1429 2530 1482 2588 ⁵4)
1515 2530 1699 2574 Gravior
1730 2531 1861 2574 etiam

211 2602 261 2647 fit
279 2603 422 2657 imago
444 2603 480 2646 si
501 2616 649 2646 saxum
672 2603 724 2646 ab
743 2603 866 2645 undis
887 2602 1247 2644 circumsonatum
1270 2601 1539 2654 describitur,
1565 2604 1613 2643 ut
1634 2604 1700 2644 est
1722 2600 1756 2643 Ο
1776 2600 1862 2643 618

538 2671 654 2728 ἴσχον
680 2676 757 2728 γάρ
784 2673 986 2727 πυργηδὸν
1013 2673 1216 2726 ἆρηρότες,
1244 2673 1339 2726 ἠΰτε
1368 2670 1492 2726 πέτρη

537 2742 722 2797 ἠλίβατος
749 2744 918 2796 μεγάλη,
948 2745 1082 2796 πολιῆς
1111 2742 1204 2791 ἁλὸς
1230 2742 1345 2795 ἐγγύς
1373 2741 1504 2791 ἐοῦσα,

539 2811 607 2867 ἥτε
636 2810 747 2865 μένει
773 2810 910 2866 λιγέων
939 2810 1099 2864 α’νέμων
1125 2812 1304 2865 λαιψηρά
1331 2809 1504 2851 ugkei-&a

537 2883 694 2934 κνματά
724 2897 767 2921 τε
795 2882 1027 2935 τροφόθντα,
1054 2882 1149 2921 uite
1178 2881 1476 2934 προςερεύγεται
1506 2880 1643 2933 αὐτήν.

347 3035 390 3080 5²)
415 3035 582 3082 Zingerle
609 3034 702 3070 Ovid
727 3034 805 3070 und
830 3034 908 3069 sein
933 3033 1171 3071 Verhaltniss

347 3092 394 3138 ⁵³)
417 3092 522 3127 Pind.
546 3092 652 3128 Nem.
678 3093 725 3128 IV
761 3092 805 3127 81
831 3091 954 3125 στάλαν
979 3093 1084 3135 θέμεν
1109 3093 1238 3137 Παρίου
1262 3091 1362 3123 λίθου
1386 3091 1584 3136 λει,νκοτι-’ραν.

347 3150 393 3198 ⁵⁴)
417 3150 503 3187 Eur.
528 3150 623 3188 Med,
648 3150 694 3188 28
717 3149 758 3189 ὥς
782 3150 817 3182 δὲ
841 3152 960 3195 πέτρος
984 3146 1004 3193 ἢ
1027 3148 1151 3182 κλυὸιὸν
1175 3149 1351 3187 θαλάσσιος
1375 3148 1482 3182 &nodet
