2086 3470
887 177 1172 226 ..μ-51...

203 322 306 364 met.
338 318 408 363 VI.
442 318 510 365 24.
542 323 699 373 coeunt,
729 324 779 364 ut
797 335 906 376 aves.
937 323 978 364 si
1007 321 1177 376 quaudo
1208 321 1296 364 luce
1315 325 1536 378 vaqantem
1574 323 1708 366 noctis
1737 332 1854 366 avem

202 392 389 432 cernunt.
409 387 462 440 ⁶²)
522 389 698 443 Aucipis
744 391 905 432 mentio
946 389 994 432 fit
1025 390 1102 434 Ov.
1135 403 1172 433 a.
1214 403 1295 435 am.
1328 391 1361 436 I.
1391 391 1461 435 47.
1503 391 1727 446 aucipibus
1766 392 1856 435 uoti

199 458 376 513 frutices
394 481 450 488 —-
483 458 646 501 scilicet
676 459 719 501 in
751 459 904 513 quibus
935 460 1097 513 optime
1133 460 1246 502 retia
1276 460 1438 513 tendat,
1471 460 1629 503 retium
1659 461 1852 515 ipsorum

202 530 293 569 met
322 527 395 570 XI.
420 528 474 571 73
503 531 629 582 utque
657 541 782 570 suum
813 528 986 582 laqueis,
1019 542 1123 582 quos
1153 528 1334 572 callidus
1364 528 1529 572 abdidit
1557 542 1721 583 auceps,
1754 543 1853 573 crus

201 595 277 638 ubi
329 597 537 639 commisit
586 596 772 639 volucris
823 598 1034 651 sensitque
1077 598 1219 650 teneri,
1262 598 1488 653 plarzqitur
1537 611 1587 641 ac
1636 598 1855 652 trepidans

202 665 402 720 astriuqit
428 665 598 708 vincula
626 669 753 708 motu.
786 690 843 696 -—
873 666 944 709 ubi
975 670 1129 720 poetae
1169 667 1212 709 in
1253 671 1440 710 mentem
1482 668 1649 710 venisse
1680 668 1852 710 videtur

202 750 244 790 χ.
275 734 362 778 478
382 758 439 765 -
459 738 504 777 et
524 735 609 778 iam
630 739 757 778 antea
779 735 894 789 apud
916 735 1210 789 Theognidem
1236 736 1359 779 1097.
1394 735 1473 792 ἤδη
1500 740 1565 779 καὶ
1592 741 1854 793 πτερύγεσσιν

201 798 425 853 ἐπαίρομαι,
466 798 570 840 ὥστε
612 802 789 841 πετεινόν
828 800 870 840 ἐκ
911 803 1052 854 λίμνης
1088 803 1267 855 μεγάλης
1303 799 1428 855 ἄνδρα
1467 804 1586 843 κακὸν
1627 804 1854 857 προφυγών,

200 874 374 928 βρόκχον
405 875 634 928 α’πορρήξας
681 877 726 916 et
776 874 891 926 apud
944 874 977 915 Τ
981 873 1123 917 heocr.
1175 876 1214 919 8.
1266 874 1322 918 58
1371 875 1573 930 (δένδρεσί
1596 877 1673 929 μὲν
1700 879 1855 931 χειμών

201 945 373 998 φοβερὸν
399 945 535 997 κακόν)
575 941 699 995 ὄρνισι,
740 944 775 984 δ’
790 943 983 998 ὕσπληγξ.
1039 943 1283 996 Singularis
1315 944 1367 986 de
1397 957 1562 998 aucupe
1594 945 1637 987 in
1658 945 1854 999 Priapeis

201 1014 343 1053 exstat
373 1011 607 1054 similitudo
629 1012 695 1054 77.
719 1011 756 1054 8.
790 1011 866 1054 hoc
895 1015 966 1064 est,
998 1026 1082 1055 uou
1113 1012 1332 1055 admittere
1352 1013 1411 1055 ad
1430 1027 1632 1068 aucupem
1652 1015 1852 1058 volucres.

201 1079 415 1123 Nimirum
445 1081 650 1124 advolare
681 1080 895 1123 debebant
925 1094 1028 1124 aves
1059 1082 1178 1136 ipsae
1210 1082 1263 1124 ad
1295 1094 1442 1126 aream
1463 1084 1652 1137 aucupis,
1675 1083 1854 1138 quinon

201 1153 346 1203 potest
389 1150 589 1204 persequi
635 1163 749 1202 aves,
793 1151 955 1193 celeres
998 1164 1108 1205 quae
1146 1156 1377 1195 vocantur:
1424 1153 1472 1196 B.
1516 1153 1612 1196 764.
1656 1172 1690 1208 η.
1710 1154 1779 1198 36.
1800 1153 1853 1207 ⁰³)

200 1218 314 1273 Ibyc.
346 1217 398 1263 fr.
435 1219 476 1261 4.
523 1219 700 1264 Theocr.
743 1219 791 1262 B.
834 1220 900 1262 23.
949 1220 1107 1263 Mosch.
1149 1220 1188 1265 2.
1230 1221 1298 1266 26.
1346 1221 1423 1266 Ov.
1471 1226 1572 1264 met.
1618 1222 1712 1265 VII.
1756 1223 1852 1266 770.

201 1287 353 1342 Itaque
385 1288 521 1330 omnis
553 1301 628 1331 aer
659 1289 711 1330 iis
742 1292 876 1342 patet,
920 1293 967 1331 ut
998 1293 1066 1332 est
1096 1290 1212 1332 Fast.
1244 1290 1298 1335 II.
1330 1291 1418 1334 494
1455 1295 1502 1333 ut
1530 1292 1693 1334 volucri
1722 1305 1854 1335 vacuo

200 1357 409 1412 quidquid
436 1358 483 1400 iu
513 1357 610 1401 orbe
632 1361 763 1411 patet.
823 1358 940 1400 Idem
964 1363 1108 1401 autem
1139 1362 1267 1412 poeta
1290 1359 1513 1402 levitatem
1545 1361 1596 1403 iis
1619 1361 1854 1415 exprobrat

200 1439 282 1470 am.
316 1426 368 1470 ΙΙ.
400 1427 440 1469 9.
470 1427 527 1469 49
557 1430 602 1470 tu
633 1427 735 1470 levis
755 1441 808 1469 es
845 1428 1057 1482 multoque
1096 1429 1182 1471 tuis
1217 1430 1428 1472 ventosior
1468 1430 1551 1473 alis
1606 1443 1691 1484 qua
1732 1431 1773 1473 in
1805 1443 1853 1473 re

200 1508 297 1538 eum
347 1500 647 1550 praecesserat
695 1496 922 1549 Theognis,
974 1497 1087 1550 apud
1138 1510 1263 1551 quem
1315 1498 1497 1551 legimus
1531 1498 1618 1542 580
1666 1501 1852 1554 ἐχθαίρω

199 1562 316 1602 κακὸν
344 1560 483 1615 ἄνδρα,
501 1560 765 1614 καλυψαμένη
793 1562 835 1602 δὲ
857 1564 1017 1614 πάρειμι
1039 1567 1206 1616 σμικρῆς
1232 1561 1392 1615 ὄρνιθος
1416 1567 1564 1618 κοῦφον
1581 1562 1733 1617 ἔχουσα
1754 1567 1853 1605 νοόν.

201 1633 285 1676 Sed
329 1634 444 1686 licet,
491 1633 608 1677 leves
652 1634 784 1677 fuisse
826 1647 942 1685 aves,
999 1639 1169 1678 veteres
1214 1637 1422 1690 putarint,
1471 1642 1616 1680 tamen
1662 1650 1852 1681 amorem

201 1715 350 1746 earum
381 1716 486 1755 erga
516 1703 656 1756 pullos
687 1704 889 1747 admirati
922 1710 1033 1757 suut,
1077 1706 1197 1747 cuius
1236 1706 1299 1748 rei
1341 1710 1475 1748 testes
1513 1706 1646 1750 habes
1677 1712 1854 1760 praeter

200 1773 231 1814 I.
263 1773 361 1815 323.
394 1791 421 1814 π
449 1773 534 1815 216
564 1773 694 1816 etiam
727 1773 890 1826 Megar.
923 1774 989 1816 21.
1037 1776 1090 1825 (ὗς
1135 1774 1276 1830 δ’ὄρνις
1322 1777 1487 1830 deputat
1530 1777 1594 1818 ἐπὶ
1632 1777 1854 1832 σφετέροισι

200 1841 377 1888 νεοσσοῖς
403 1836 639 1890 (ἰλλομένοις,
668 1837 777 1878 ι)·ἱ”στ’
811 1839 919 1886 αἰνὸς
945 1837 1033 1893 ὄφις
1068 1838 1123 1879 ἔτι
1153 1842 1424 1894 ἰἠπιιὶχοντας
1462 1843 1638 1893 θάμνοις
1674 1841 1717 1882 ἒν
1743 1858 1854 1882 πυκι-

199 1910 299 1948 νοῖσι
326 1906 535 1963 κατεσθίῃ·
573 1909 597 1960 ἦ
636 1907 679 1948 δὲ
716 1912 799 1948 κατ’
838 1910 962 1957 αὕλιὶς
998 1912 1175 1949 moram
1205 1910 1404 1958 κλάζουσα
1432 1913 1542 1962 μάλα
1578 1913 1663 1964 λιγὺ
1705 1914 1851 1953 πότνεα

199 1978 335 2031 μήτηρ
363 1974 447 2017 οὔδ’
474 1974 526 2030 ἄῤ
553 1975 638 2030 ἔχει
657 1975 846 2021 τέκνοισιν
872 1973 1145 2032 &aptium-7³]
1176 1980 1253 2031 γάρ
1282 1977 1318 2018 οἱ
1345 1980 1450 2037 αὐτῇ
1475 1974 1602 2020 ἆσσον
1630 1978 1722 2033 ἴμεν
1748 1981 1853 2035 μέγα

199 2052 346 2104 τάρβος
373 2050 610 2102 α’μειλίκτοιο
638 2053 820 2104 πελώρου
856 2054 901 2092 et
933 2050 1036 2095 Hor.
1071 2051 1191 2104 epod.
1237 2052 1274 2093 1.
1308 2052 1362 2094 19
1391 2056 1439 2095 ut
1477 2053 1671 2096 assidens
1701 2054 1854 2108 implu-

199 2117 338 2160 mibus
358 2118 497 2172 pullis
527 2119 620 2160 aris
648 2120 903 2172 serpentium
933 2120 1127 2173 allapsus
1157 2120 1273 2163 timet
1299 2122 1438 2176 maqis
1478 2122 1648 2174 relictis,
1680 2136 1775 2174 uon,
1807 2126 1855 2164 ut

199 2187 325 2240 adsit,
347 2187 483 2230 amali·
504 2187 648 2230 latura
670 2189 774 2241 plus
785 2189 1094 2242 praesentibus.
1156 2189 1241 2232 Sed
1263 2190 1346 2232 iam
1370 2191 1602 2243 videamus,
1626 2204 1851 2245 quemnam

199 2255 341 2298 locum
386 2256 556 2309 singula
601 2258 743 2299 avium
782 2269 942 2310 genera
984 2262 1161 2301 teneant
1206 2260 1248 2300 in
1307 2259 1709 2314 comparationibus.
1791 2262 1852 2303 Ac

200 2325 386 2378 primum
417 2324 589 2379 quidem
620 2325 846 2379 tripartita
877 2330 944 2369 est
965 2327 1099 2370 series
1131 2327 1380 2381 imaginum,
1403 2328 1557 2382 quibus
1578 2329 1722 2382 aquila
1753 2341 1853 2382 pro-

200 2394 389 2447 ponitur.
451 2393 640 2444 Quarum
663 2396 802 2448 prima
823 2396 1010 2450 aquilam
1033 2396 1206 2439 exhibet
1226 2402 1492 2451 pugnantem
1515 2411 1607 2440 cum
1632 2403 1850 2452 serpente:

199 2462 329 2506 Hor.:
362 2475 395 2506 c.
427 2463 500 2506 IV.
530 2464 571 2505 4.
606 2465 656 2506 11
690 2465 851 2518 qualem
889 2467 1133 2509 ministrum
1172 2467 1369 2522 fulminis
1409 2468 1551 2510 alitem
1583 2500 1591 2508 .
1626 2501 1635 2510 .
1667 2482 1778 2510 nuuc
1807 2469 1850 2510 iu

198 2532 449 2575 reluctantes
479 2532 683 2576 dracones
713 2536 795 2589 cqit
824 2549 945 2578 amor
966 2535 1092 2589 dapis
1122 2540 1247 2590 atque
1269 2551 1453 2592 puquae.
1486 2537 1616 2590 Verg.
1642 2538 1745 2582 Aen.
1778 2538 1850 2582 XI.

200 2602 296 2645 751.
337 2605 463 2656 utque
499 2602 646 2646 volans
688 2604 769 2646 alte
810 2608 980 2658 raptum
1020 2619 1113 2647 cum
1155 2606 1277 2660 fulva
1314 2606 1538 2649 draconem
1580 2608 1665 2662 fert
1706 2607 1852 2661 aquila

201 2670 485 2726 implicuitque
505 2672 637 2726 pedes
668 2676 791 2727 atque
811 2674 1023 2728 iniquibus
1043 2674 1187 2727 haesit,
1210 2677 1384 2718 saucius
1404 2680 1450 2718 at
1477 2690 1650 2730 serpeus
1678 2678 1853 2719 sinuosa

199 2739 414 2782 volumina
443 2744 582 2783 versat
617 2743 873 2796 arrectisque
908 2742 1050 2786 horret
1092 2745 1283 2798 squamis
1322 2748 1361 2786 et
1397 2744 1543 2787 sibilat
1581 2759 1651 2788 ore
1689 2745 1853 2788 arduus

199 2809 444 2863 insurqeus:
484 2809 561 2852 illa
591 2810 708 2853 haud
735 2811 876 2854 minus
912 2816 1033 2867 uryct
1072 2812 1229 2856 obunco
1270 2813 1493 2856 luctantem
1532 2818 1682 2866 rostro,
1724 2815 1854 2858 simul

199 2877 368 2920 aethera
398 2877 588 2922 verberat
617 2880 711 2922 ale's.
774 2879 851 2922 Ov.
875 2884 974 2923 met..
998 2881 1069 2924 IV.
1093 2881 1190 2925 362.
1220 2882 1423 2936 implicat,
1445 2886 1492 2925 ut
1520 2897 1702 2937 serpeus,
1725 2897 1851 2936 quam

337 2991 382 3037 ⁰²)
406 2992 557 3028 Lucian.
582 2993 796 3029 Harmonid.
823 2994 900 3029 852,
927 2995 959 3029 3.
1001 2997 1175 3027 σοι’θιόυσι
1217 2995 1269 3027 ἐπὶ
1311 2998 1344 3028 σὲ
1386 2997 1518 3034 πάντες,
1556 2993 1662 3041 ὥσπερ
1704 2998 1756 3029 ἐπὶ
1788 2998 1851 3040 τήν

199 3049 321 3094 γλαῦκα
346 3049 388 3081 τά
414 3048 518 3094 ὄρνεα.

338 3106 381 3152 ⁶³)
406 3107 505 3142 bunc
530 3107 654 3143 locum
679 3112 865 3154 spectasse
891 3110 1038 3145 videtur
1062 3110 1278 3146 Mnasalcas
1303 3111 1412 3147 Anth.
1430 3111 1506 3147 Pal.
1532 3112 1606 3148 vn.
1626 3113 1703 3148 22⁴2.
1729 3113 1850 3149 πολλοῖς

199 3163 259 3208 γάρ
285 3161 410 3197 raimoni*
435 3165 610 3211 ἰσόδρομοι]
633 3165 730 3198 <Imm
753 3168 856 3210 μᾶκος
879 3165 963 3210 ὄρνις
988 3164 1076 3205 ὅπως
1100 3169 1237 3213 ιῖυλιχᾶν
1263 3169 1458 3201 ἒκιιονὲουσα
1484 3173 1610 3214 ’τριῇἰσια

1574 3262 1618 3296 4*
