2086 3470
926 175 1208 222 *52*

248 312 389 372 reyius
417 315 588 358 sustulit
615 315 702 358 ales
731 315 1022 368 sublimemque
1050 316 1191 369 rapit.-
1215 314 1403 369 pendens
1423 318 1548 368 caput
1576 313 1652 356 illa
1674 311 1884 368 pedesque

249 385 398 439 alliqat
433 388 471 426 et
509 383 644 426 cauda
683 384 913 437 spatiantes
952 384 1141 437 implicat
1181 383 1285 426 alas.
1333 382 1432 424 ibid.
1474 382 1568 426 714.
1609 386 1732 436 utque
1760 382 1884 426 Jovis

241 466 433 507 praepes,
466 465 593 494 vacuo
623 465 715 493 cum
746 452 851 494 vidit
879 453 924 494 in,
954 466 1055 494 arvo
1078 451 1343 505 praebentem
1373 450 1537 493 Pleoebo
1569 451 1738 493 liventia
1767 454 1884 506 terya

247 521 480 572 draconem,
513 523 683 574 occupat
711 534 925 563 aversum.-
965 535 1045 563 neu
1080 534 1206 563 saeva
1236 523 1470 572 retorqueat
1500 533 1576 562 ora
1605 519 1884 574 squamiyeris

247 589 392 632 avidos
437 590 530 644 ftqit
578 588 802 631 cervicibus
842 603 1001 644 unques
1042 613 1098 618 —
1143 589 1213 643 qui
1260 601 1405 631 omnes
1449 588 1529 630 loci
1573 587 1675 630 mihi
1718 600 1800 630 non
1831 600 1883 630 ex
1929 643 1931 646 r

248 658 433 712 imagine
463 658 639 700 Homeri
676 656 846 700 fluxisse
877 658 1087 709 videntur,
1134 657 1208 699 sed
1254 669 1304 698 ex
1345 668 1394 698 ea
1437 656 1734 710 descriptione,
1775 667 1882 710 quae

246 727 406 780 legitur
436 726 500 768 M.
523 727 618 770 200.
680 725 828 768 Altera
859 726 990 768 series
1013 726 1242 778 imaginum
1273 724 1394 767 nobis
1415 725 1598 778 aquilam
1619 728 1664 767 et
1692 724 1882 778 leporem

247 798 347 838 ante
377 794 519 842 oculos
550 794 689 848 ponit:
721 797 777 835 X.
805 801 881 839 308
908 794 1000 835 (ὅστ7
1029 793 1158 844 αἵετος
1185 795 1424 848 ὑψιπετήεις,
1453 790 1534 834 ὅστγ
1567 789 1666 834 εἶσιν
1702 793 1880 834 πεδίονδε

247 867 311 906 δαὶ
339 863 490 919 νεφέων
516 864 742 918 ἐρεβεννῶν,
771 861 1012 917 ἁρπάξωνῆ
1041 862 1125 916 ἄρν’
1155 864 1315 916 ἇμαλὴν
1343 860 1368 916 ἢ
1396 867 1531 903 πτῶκα
1559 864 1723 916 λαγωόν.
1752 861 1880 914 Vel'g.

248 932 350 974 Aen.
382 932 452 973 IX.
476 932 570 974 562.
604 931 743 985 qualis
772 930 845 973 ubi
876 934 950 973 aut
979 931 1156 983 leporem
1186 933 1260 971 aut
1289 929 1480 972 candenti
1511 941 1681 983 corpore
1710 942 1882 984 cycnum

245 1000 416 1042 sustulit
445 1000 533 1042 alta
566 1003 711 1053 petens
746 999 927 1052 pedibus
956 998 1079 1041 Jovis
1120 999 1302 1052 armi-aer
1330 999 1461 1040 uncis.
1538 997 1614 1041 Ov.
1662 1002 1762 1042 met.
1808 998 1880 1040 vl.

246 1068 343 1113 516.
373 1082 456 1110 non
487 1068 620 1120 aliter,
652 1081 778 1120 quam
798 1080 890 1109 cum
912 1067 1093 1120 pedibus
1115 1066 1348 1120 praedator
1375 1066 1545 1109 obuncis
1565 1064 1754 1120 deposuit
1781 1066 1880 1110 nido

246 1137 424 1191 leporem
442 1136 565 1180 Jovis
595 1136 681 1179 ales
710 1138 755 1178 in
786 1137 882 1188 alto,
914 1136 1044 1178 tertia
1066 1136 1249 1189 aquilam
1281 1139 1326 1177 et
1357 1135 1614 1177 columbam:
1646 1135 1788 1178 Aleae.
1812 1136 1879 1178 27.

245 1205 417 1255 ἔπταξαν
444 1205 536 1247 (ὅστ’
567 1204 723 1260 ὄρνιθες
762 1204 864 1245 (ι’)’κ-ιν
891 1203 1024 1245 α’ίετυν
1043 1205 1225 1254 ἐξαπίνας
1252 1207 1439 1259 φάνεντα.
1487 1204 1613 1254 Vel'g.
1646 1203 1720 1246 ecl.
1749 1203 1789 1248 9.
1814 1204 1880 1247 11.

245 1274 438 1316 carmina
467 1276 628 1315 tantum
657 1276 804 1315 nostra
833 1272 979 1324 valent,
1012 1271 1184 1326 Lycida,
1224 1272 1304 1314 tela
1332 1273 1440 1313 inter
1470 1271 1648 1323 Martia,
1680 1274 1880 1324 quantum

249 1341 460 1384 Chaonias
491 1341 632 1383 dicunt
667 1341 810 1393 aquila
849 1341 1030 1382 veniente
1059 1340 1282 1383 columbas.
1343 1339 1418 1382 Ov.
1452 1352 1488 1383 a.
1522 1352 1603 1382 am.
1644 1339 1676 1384 I.
1711 1340 1804 1382 117.
1836 1343 1884 1382 ut

243 1410 413 1465 fuqiunt
442 1410 620 1462 aquilas,
653 1409 923 1451 timidissima
953 1409 1088 1460 turba,
1129 1408 1338 1450 columbae
1379 1412 1477 1452 met.
1519 1408 1551 1450 I.
1583 1408 1680 1452 506.
1720 1408 1774 1452 ib.
1809 1408 1878 1451 VI.

245 1478 342 1521 529.
373 1481 496 1532 utque
526 1477 712 1520 columba
752 1491 828 1520 suo
866 1477 1114 1529 madefactis
1150 1478 1354 1531 sanquine
1374 1477 1536 1530 plumis
1577 1476 1717 1519 horret
1746 1475 1882 1518 adhuc

246 1546 470 1600 avidosque
499 1547 623 1598 timet,
655 1546 805 1600 quibus
835 1545 1036 1597 haeserat,
1067 1559 1236 1599 unques.
1297 1545 1471 1586 Milvum
1503 1544 1634 1587 habet
1664 1544 1878 1597 Theognis

247 1614 347 1654 1261
374 1610 518 1650 ἰκτίνου
545 1612 620 1664 γάρ
646 1608 750 1663 ἔχεις
786 1611 1055 1663 (ἶγχιστρόφον
1091 1610 1132 1649 ἓν
1168 1610 1309 1663 φρεσῐν
1336 1604 1448 1662 ἦθος,
1485 1607 1614 1649 ἄλλων
1649 1610 1880 1662 ἀνθρώπων

246 1679 396 1733 ῥήμασι
423 1680 673 1731 πειθόμενος.
694 1683 805 1721 1301.
826 1681 874 1718 σύ
893 1678 937 1718 δὲ
954 1679 1109 1731 μάργον
1126 1676 1232 1730 ἔχων
1257 1678 1319 1717 καὶ
1347 1678 1523 1730 ἀγήνορα
1552 1679 1687 1729 θυμὸν
1714 1679 1880 1731 φεύγεις,

246 1746 392 1788 ἰ’κτίνυυ
420 1746 598 1800 σχέτλιον
627 1743 728 1801 ἦθος
754 1745 871 1800 ἔχων.
906 1755 944 1789 et
964 1751 1191 1789 Theocritus
1219 1751 1254 1789 9.
1284 1751 1344 1788 32.
1374 1743 1503 1799 ἴρηκες
1531 1740 1708 1798 δ”ἴρηξιν
1741 1745 1880 1799 (φίλοι)

245 1834 499 1875 quamquam
530 1820 597 1862 hic
640 1820 756 1862 locus
802 1820 905 1861 nihil
936 1820 987 1861 de
1032 1819 1257 1861 milvorum
1306 1822 1457 1860 natura
1504 1831 1577 1861 nos
1624 1819 1758 1870 docet,
1806 1819 1880 1861 sed

245 1891 368 1932 modo
399 1890 572 1943 proprio
603 1889 796 1942 exemplo
838 1889 1027 1931 illustrat
1058 1907 1079 1942 ρ
1107 1896 1192 1933 218.
1222 1890 1274 1938 (ὃς
1307 1890 1382 1929 αἰεὶ
1410 1891 1477 1929 τὸν
1504 1889 1641 1941 ὁμοῖον
1669 1887 1754 1942 ἄγει
1781 1891 1879 1937 θεὸς

245 1960 298 2008 (ὃς
324 1963 394 2000 τὸν
421 1961 567 2012 ὁμοῖον.
617 1958 740 2010 Apud
763 1957 959 1999 Ovidium
991 1960 1035 1998 et
1065 1956 1216 1998 milvus
1246 1956 1384 1998 locum
1415 1955 1546 1997 habet>
1576 1958 1675 1997 met.
1707 1955 1760 2000 II.
1794 1955 1877 1998 716

244 2031 291 2069 ut
319 2027 500 2070 volucris
529 2027 632 2068 visis
660 2025 961 2079 rapidissimus
1000 2025 1157 2067 miluus
1201 2026 1318 2076 ccctis,
1366 2024 1464 2066 dum
1512 2026 1634 2075 timet,
1682 2027 1720 2066 et
1763 2023 1880 2066 densi

245 2095 515 2137 circumstant
556 2107 680 2136 saera
723 2094 919 2145 ministri,
962 2094 1143 2146 flectitur
1181 2093 1226 2134 in
1264 2106 1416 2147 qyrum
1454 2104 1526 2133 nec
1567 2092 1731 2144 lonqius
1760 2091 1881 2133 audit

245 2163 362 2205 abire
390 2176 581 2216 spemque
609 2176 731 2204 suam
759 2163 883 2204 motis
913 2162 1062 2204 avidus
1093 2161 1362 2203 circumvolat
1390 2160 1482 2211 alis,
1515 2164 1559 2202 et
1591 2160 1735 2202 vultur
1765 2160 1877 2202 trist.

245 2232 277 2273 Ι.
309 2232 348 2275 6.
382 2232 447 2275 11.
481 2231 551 2284 qui
593 2231 741 2272 unicus
781 2231 897 2272 locus
936 2233 1012 2281 est,
1057 2242 1138 2283 quo
1179 2229 1391 2271 vulturem
1436 2229 1478 2269 in
1519 2228 1877 2281 comparationem

245 2300 463 2342 inductum
494 2300 720 2341 habemus:
753 2302 827 2341 aut
854 2302 901 2340 ut
930 2298 1037 2340 edax
1066 2298 1207 2340 vultur
1237 2311 1387 2350 corpus
1417 2297 1698 2349 circumspicit
1725 2295 1878 2350 ecquod

244 2368 320 2410 sub
364 2368 485 2410 nulla
525 2369 712 2421 positum
757 2381 919 2410 cernere
955 2367 1095 2419 possit
1137 2365 1273 2407 humo.
1335 2365 1416 2407 Sed
1448 2365 1605 2407 Mosch.
1643 2365 1681 2408 2.
1717 2364 1783 2406 16.
1815 2365 1879 2406 ἐπὶ

249 2440 465 2491 σπλάγχοις
492 2437 534 2477 δὲ
575 2439 751 2489 κάθηται
795 2439 885 2477 tum
931 2434 1096 2476 demum
1139 2438 1254 2476 recte
1296 2433 1605 2486 intelliguntur,
1639 2433 1675 2474 si
1706 2435 1880 2487 πτερόεις

245 2505 358 2559 ὄρνις,
389 2516 514 2558 quem
558 2507 694 2556 vocat,
732 2504 877 2545 vultur
918 2507 995 2545 est.
1056 2503 1313 2556 Accipitrem
1358 2502 1501 2544 timeri
1546 2500 1599 2543 ab
1645 2501 1792 2543 avibus
1822 2524 1880 2532 --

244 2572 296 2615 Ρ.
328 2573 410 2615 755
440 2596 496 2602 -—
526 2572 701 2614 Alcman
747 2572 874 2614 habet
916 2571 967 2613 fr.
1015 2571 1080 2615 28.
1128 2572 1252 2612 ‹liic-ar
1286 2570 1516 2624 δ’ἄπρᾳκτα
1556 2570 1739 2618 νεάνιδες,
1783 2567 1875 2609 ὥστ’

245 2641 368 2695 ὄρνεις
395 2641 545 2694 ἱέρακος
572 2639 860 2694 ’ὑπερπταμένω
896 2643 940 2681 et,
971 2639 1154 2680 fortasse
1192 2639 1321 2680 etiam
1353 2637 1465 2690 apud
1496 2636 1792 2678 Archilochum
1822 2635 1874 2678 fr.

247 2709 328 2752 106
360 2713 620 2750 πτώσσουσαν
648 2708 750 2750 ὥστε
778 2708 935 2762 πέρδικα
992 2708 1195 2760 accipiter
1254 2706 1391 2748 locum
1448 2706 1608 2754 habuit.
1699 2704 1877 2746 Romani

244 2781 409 2830 poetae,
441 2777 513 2818 ubi
545 2777 596 2819 de
626 2777 829 2829 accipitre
861 2776 1015 2827 agitur,
1049 2779 1224 2827 excepto
1257 2787 1338 2816 uno
1369 2774 1459 2816 loco
1481 2776 1655 2814 —1net.
1688 2772 1760 2814 XI.
1793 2772 1875 2814 773

242 2847 354 2901 suyit
370 2879 378 2888 .
396 2846 522 2888 veluti
538 2878 547 2887 .
566 2845 708 2899 lonqe.
728 2845 824 2887 lacu
853 2844 1054 2897 deprensa
1092 2844 1235 2885 relicta
1266 2843 1503 2895 accipitrem
1537 2841 1728 2894 fluvialis
1757 2853 1875 2882 anaS.

244 2938 301 2943 ——
330 2914 566 2956 columbam
597 2926 691 2955 cum
723 2925 772 2954 eo
803 2913 1026 2954 inducunt:
1059 2911 1160 2953 Hor.
1195 2924 1227 2955 c,
1260 2911 1291 2953 Ι.
1314 2912 1381 2954 37.
1416 2912 1481 2954 17.
1543 2909 1619 2953 Ov.
1655 2912 1752 2951 met.
1777 2907 1872 2950 605.

245 2981 504 3034 Accipitrem
534 2984 632 3034 post
667 2980 833 3022 felicem
875 2980 1110 3021 venationis
1151 2983 1349 3021 eventum
1389 2977 1626 3020 columbam
1656 2980 1876 3018 vorantem

244 3047 375 3091 habes
404 3048 534 3100 Verg.
567 3049 669 3090 Aen.
701 3048 772 3089 XI.
806 3048 899 3089 721.
934 3047 1166 3088 columbam
1201 3047 1409 3097 unguibus
1441 3045 1656 3097 accipitris
1687 3043 1872 3096 elapsam

246 3116 321 3161 OV.
355 3121 408 3161 tr.
441 3117 470 3158 I.
507 3118 542 3158 1.
567 3118 632 3159 75.
657 3120 834 3158 terretur
862 3117 1034 3157 minimo
1057 3129 1221 3168 pennae
1240 3115 1419 3156 stridore
1446 3112 1633 3155 columba
1652 3111 1874 3165 unquibus,
