2086 3470
946 156 1201 198 -6-

259 292 443 332 mentem
493 289 703 342 veniebat,
753 291 936 333 orationi
978 304 1078 333 suae
1120 292 1223 334 illud
1264 293 1513 335 insererent.
1587 293 1669 335 Sed
1709 293 1890 338 sortasse

257 358 466 411 quispiam
498 358 666 406 dixerit,
699 359 827 400 etiam
860 363 1052 402 veterum
1084 362 1394 402 Germanorum
1427 362 1557 403 vitam
1579 361 1728 403 rudem
1759 361 1889 412 fuisse

258 430 303 468 et
332 426 422 468 sine
452 426 746 479 philosophiae
777 427 984 480 doctrina,
1016 441 1120 482 quos
1152 429 1194 470 in
1225 429 1613 482 comparationibus
1643 429 1890 472 adhibendis

259 495 516 537 castissimos
559 494 689 537 fuisse
735 500 962 538 constaret.
1039 497 1228 549 Constat,
1289 490 1324 540 si
1370 497 1492 540 modo
1538 497 1589 540 de
1635 498 1891 541 carminibus

258 563 389 615 epicis
419 563 695 616 popularibus
727 564 923 618 agiturff)
955 566 1017 606 Ea
1048 566 1161 607 enim
1192 570 1257 607 est
1288 566 1449 608 indoles
1480 566 1718 608 animorum
1749 565 1891 620 plebis

259 635 444 682 nostrae,
484 635 532 673 ut
571 645 653 674 non
691 633 733 674 in
766 632 1028 675 Graecorum
1070 634 1239 676 modum
1280 635 1589 677 accessionibus
1633 635 1892 678 narrationis
1930 668 1931 671 η

259 699 523 742 delectentur
563 701 637 742 sed
680 700 845 743 fabellis
885 702 1145 744 circumcisis
1188 706 1230 744 et
1270 703 1359 745 sine
1390 703 1640 756 ambagibus
1683 703 1736 746 ad
1766 702 1892 746 finem

258 767 487 821 perductis.
520 769 578 810 At
608 770 643 811 si
674 769 807 822 lyrica
836 783 1003 823 quoque
1026 771 1214 813 carmina
1245 772 1287 812 in
1309 783 1478 813 censum
1510 772 1696 824 veniunt,
1729 779 1891 826 quanta

260 837 303 878 in
334 836 384 878 iis
415 837 648 889 imaginum
680 838 802 890 copia
839 838 1061 890 redundet,
1104 840 1172 880 vix
1204 839 1285 881 dici
1316 843 1472 892 potest.
1533 840 1680 894 Neque
1710 840 1894 894 probare

259 918 444 958 possum,
477 918 584 959 quae
616 906 667 947 de
690 906 949 949 Graecorum
981 907 1239 950 carminibus
1261 908 1405 961 lyricis
1436 909 1618 962 protulit
1638 910 1888 961 PassowiuS,

263 974 403 1027 „lonffc
441 987 557 1015 secus
597 974 745 1016 habe-re
785 976 1110 1028 ‹wunsam-«tiones
1141 980 1363 1029 poetam-emes
1401 977 1637 1030 lyricorum,
1678 978 1760 1030 qui,
1801 992 1894 1020 cum

259 1042 321 1084 reb
346 1042 534 1095 (fravitus
572 1043 710 1095 ipsum
731 1047 877 1095 poetae
918 1045 1105 1086 animam
1143 1045 1311 1097 ‘implere
1348 1045 1502 1097 sole-ret,
1543 1046 1676 1088 locam
1716 1047 1771 1088 iis
1801 1061 1894 1089 con-
1925 1098 1926 1101 Ἴ

260 1111 441 1153 cederem
470 1111 596 1152 inulto
626 1111 904 1166 inferiorem&
965 1113 1186 1165 Pindarus,
1220 1114 1261 1155 ni
1291 1113 1428 1165 fallor,
1460 1119 1504 1156 et
1534 1115 1626 1168 ipse
1655 1119 1784 1168 poeta
1814 1114 1896 1158 fuit

260 1180 429 1233 lyricus,
462 1181 580 1222 cuius
601 1181 644 1222 in
666 1181 922 1223 carminibus
938 1194 1062 1235 quam
1085 1183 1244 1225 multae
1266 1183 1535 1225 inveniantur
1557 1184 1896 1237 comparationes

262 1249 563 1302 imaginesque,
608 1250 746 1291 virum
787 1250 958 1292 doctum
997 1250 1147 1303 fugere
1201 1264 1282 1292 non
1324 1250 1482 1293 debuit.
1553 1252 1616 1293 De
1656 1256 1895 1295 ceterorum

262 1329 363 1359 vero
393 1321 616 1370 poetarum
648 1317 877 1370 lyricorum
919 1318 1165 1361 dilaceratis
1208 1319 1461 1372 fragmentis
1502 1324 1662 1363 certum
1695 1321 1894 1363 indicium

262 1386 304 1427 in
336 1390 424 1427 tam
455 1385 600 1428 subtili
622 1387 870 1439 quaestione
891 1386 1078 1440 proferri
1100 1400 1183 1429 non
1205 1391 1359 1441 potest,
1392 1402 1647 1442 quamquam
1669 1389 1735 1431 vel
1766 1389 1808 1431 in
1828 1389 1896 1432 his

262 1453 497 1507 naufragiis
514 1466 716 1497 numerus
734 1458 873 1497 exstat
886 1455 1209 1498 similitudinum
1225 1456 1338 1498 haud
1353 1458 1694 1501 contemnendus.
1710 1457 1793 1500 Sed
1809 1458 1893 1500 iam

263 1522 317 1565 ad
347 1523 545 1565 instituta
574 1535 816 1576 pergamus.
850 1523 1005 1566 Postea
1038 1525 1184 1577 igitur,
1227 1537 1322 1566 cum
1354 1525 1396 1566 in
1427 1525 1516 1568 dies
1548 1526 1796 1579 diligentius
1825 1538 1895 1568 ars

263 1591 431 1644 poetica
461 1592 743 1643 excoleretur,
765 1605 914 1646 neque,
946 1597 994 1634 ut
1024 1598 1161 1645 antea,
1187 1606 1294 1647 quae
1326 1594 1379 1636 iis
1409 1595 1451 1636 in
1473 1598 1657 1637 mentem
1688 1596 1894 1646 venirent,

264 1663 416 1713 poetae
446 1659 702 1712 proferrent,
727 1661 800 1702 sed
831 1661 882 1703 de
913 1665 1006 1703 arte
1038 1662 1203 1704 dicendi
1236 1663 1320 1704 iam
1342 1663 1529 1705 solerent
1560 1663 1898 1715 meditari,ista,

264 1741 390 1782 quam
422 1732 548 1770 antea
584 1727 881 1781 gravissimam
921 1729 1051 1772 fuisse
1094 1730 1181 1772 dixi
1224 1743 1404 1783 causam,
1448 1731 1552 1773 nihil
1592 1732 1676 1774 iam
1715 1731 1898 1775 valebat.

264 1797 349 1839 Sed
379 1798 582 1840 successit
626 1796 711 1839 alia
756 1810 892 1851 neque
939 1811 988 1840 ea
1028 1800 1150 1851 parvi
1199 1800 1474 1844 aestimanda.
1535 1800 1747 1842 Viderunt
1785 1800 1898 1843 enim

264 1870 430 1919 poetae,
472 1866 699 1908 iucundum
731 1879 823 1909 esse
861 1867 1077 1909 hominum
1118 1868 1280 1919 animis,
1321 1869 1357 1909 si
1398 1881 1480 1910 non
1509 1869 1633 1911 modo
1663 1869 1707 1910 in
1737 1881 1821 1911 una
1850 1881 1898 1911 re

267 1934 500 1988 spectanda
540 1938 805 1985 tenerentur,
851 1936 923 1977 sed
973 1937 1180 1988 imagines
1221 1937 1542 1989 contemplando
1585 1938 1705 1991 quasi
1750 1937 1899 1980 dever-

265 2007 405 2046 tentes
436 2004 745 2055 relaxarentur,
769 2016 862 2045 cum
894 2005 1033 2046 media
1063 2005 1105 2046 in
1136 2004 1281 2047 fabula
1311 2005 1416 2047 alias
1446 2005 1644 2048 audirent
1673 2017 1743 2048 res
1763 2018 1898 2059 neque

265 2076 408 2114 tamen
439 2072 597 2113 alienas
628 2085 654 2114 a
684 2073 881 2114 carminis
913 2073 1092 2114 materia
1124 2073 1175 2114 ob
1207 2074 1354 2126 ipsam,
1387 2086 1494 2126 quae
1526 2074 1640 2115 inter
1670 2074 1899 2127 imaginem

267 2143 311 2182 et
349 2151 440 2181 rem
480 2140 850 2193 quantulacunque
881 2141 1178 2193 intercederet,
1221 2141 1552 2186 similitudinem.
1612 2142 1670 2184 Et
1705 2143 1767 2184 ita
1796 2142 1899 2184 mihi

267 2208 435 2261 quidem
465 2231 522 2236 —
550 2208 650 2250 licet
680 2209 806 2250 aliter
837 2209 1068 2251 iudicarint
1097 2213 1250 2262 poetae
1285 2210 1558 2260 „romantici“
1593 2211 1664 2263 qui
1695 2213 1900 2253 vocantur

266 2300 323 2306 -—
354 2276 504 2318 melius
544 2281 587 2318 et
632 2277 773 2330 aptius
813 2289 903 2319 rem
944 2278 1181 2320 instituisse
1226 2278 1426 2320 videntur
1471 2281 1599 2331 atque
1644 2278 1770 2320 medii
1805 2278 1899 2320 aevi

268 2348 420 2397 poetae
451 2345 676 2387 dramatici
707 2345 881 2398 ipseque
923 2345 1270 2398 Shakespearius,
1311 2347 1382 2399 qui
1423 2347 1598 2388 eandem
1639 2347 1691 2388 ob
1728 2358 1898 2389 causam

268 2413 509 2455 comoediae
538 2426 742 2466 personas
775 2414 1032 2456 induxerunt
1068 2415 1111 2456 in
1142 2414 1384 2467 tragoedias
1425 2418 1470 2456 et
1500 2415 1581 2456 duo
1612 2414 1900 2457 diversissima

269 2481 375 2523 artis
405 2482 596 2534 poeticae
628 2494 786 2534 genera
826 2483 1116 2525 contaminare
1156 2482 1421 2534 studuerunt,
1464 2483 1732 2535 negligentes
1763 2482 1899 2525 Theo-

270 2549 410 2601 gnidis
454 2549 558 2591 illud
601 2549 878 2604 01'5170.⁴J²i³‹5019
905 2553 969 2591 καὶ
998 2556 1074 2604 πῦρ
1108 2551 1353 2604 συμμίξεται,
1398 2563 1492 2592 Cum
1536 2554 1704 2593 Veteres
1749 2554 1900 2603 poetae

270 2618 603 2670 digressionibus
639 2619 845 2660 materiae
882 2632 982 2661 suae
1020 2619 1377 2661 consentientibus
1409 2619 1470 2660 ita
1505 2619 1693 2661 carmina
1722 2631 1899 2661 exorna-

270 2690 380 2735 rent,
412 2691 460 2728 ut
488 2687 654 2728 ratione
686 2688 828 2739 sagaci
867 2691 911 2729 et
941 2688 1127 2740 eleganti
1167 2687 1320 2729 iudicio
1360 2688 1552 2730 omnibus
1591 2687 1899 2740 posterioribus

272 2756 356 2797 sint
387 2758 594 2797 auctores.
657 2755 777 2805 Quod
808 2760 951 2797 autem
995 2756 1038 2797 hi
1083 2757 1248 2798 ratione
1294 2755 1498 2807 fecerunt,
1545 2769 1626 2809 quo
1663 2757 1799 2809 magis
1828 2768 1898 2798 ars

271 2823 439 2876 poetica
469 2824 704 2876 depravata
735 2827 812 2875 est,
858 2837 906 2865 eo
952 2824 1153 2866 insulsius
1192 2825 1346 2866 imitati
1385 2828 1482 2866 sunt
1520 2825 1791 2876 posteriores,
1828 2825 1899 2877 qui

271 2891 617 2933 similitudinibus
659 2892 817 2933 nullam
873 2892 997 2934 aliam
1053 2893 1104 2933 ob
1157 2904 1325 2934 causam
1371 2895 1563 2942 utuntur,
1618 2905 1743 2945 quam
1789 2893 1900 2946 quod
1943 2941 1947 2945 ,

272 2960 459 3001 carmina
489 2959 665 3001 mirifice
695 2972 850 3002 ornare
881 2961 1057 3013 cupiunt
1088 2964 1130 3002 et
1161 2961 1425 3008 delectantur
1456 2960 1682 3002 verborum
1714 2961 1899 3014 strepitu

410 3061 436 3103 ³)
462 3061 740 3104 quatuordecim
775 3061 883 3095 niodo
919 3061 1209 3106 comparationes
1242 3061 1354 3096 habes
1387 3063 1424 3096 in
1455 3061 1679 3107 Nibelungis,
1711 3061 1838 3108 viginti
1862 3061 1899 3096 in

273 3117 458 3153 Gudruna.
