2086 3470
839 145 1128 190 -59-

156 285 270 330 haud
299 285 690 340 praetermiserunt
720 289 888 338 poetae.
933 284 1054 334 Quod
1087 284 1199 326 enim
1231 283 1346 336 apud
1377 282 1617 335 Vergilium
1649 281 1810 334 legitur

157 355 315 409 Georg.
369 354 408 397 I.
450 354 507 398 84
544 368 667 407 saepe
706 353 832 396 etiam
870 353 1032 396 steriles
1071 352 1284 395 incendere
1314 351 1484 406 profuit
1523 365 1650 405 amos
1692 354 1813 404 atque

157 424 283 468 levem
310 423 513 480 stipulam
542 422 839 476 crepitantibus
868 436 990 465 urere
1009 422 1204 475 flammis
1235 422 1288 464 ad
1320 420 1622 463 similitudines
1649 419 1812 473 fingen-

158 493 234 537 das
264 493 491 536 materiem
522 492 724 546 praebuit
755 492 794 534 ei
817 491 897 545 ipsi
921 491 1115 544 Vergilio
1137 490 1295 544 Georg.
1318 490 1393 534 III.
1420 489 1490 532 99.
1523 493 1570 532 ut
1599 489 1813 543 quondam

157 562 203 605 in
230 561 400 616 stipulis
429 575 611 616 maenus
649 561 739 603 sine
778 560 940 602 viribus
976 560 1088 614 ipsuis
1128 560 1173 602 in
1214 573 1382 602 cassum
1402 559 1532 614 furit.
1585 562 1628 601 et
1660 557 1812 601 Ovidio

160 635 260 674 met.
291 631 324 674 I.
355 630 454 673 492.
485 633 609 683 utque
628 630 733 672 leves
752 629 931 682 stipulae
952 629 1128 682 demptis
1149 629 1368 671 adolentur
1403 628 1549 670 aristi-s
1580 627 1652 671 ubi
1683 627 1812 670 aliam

160 699 340 743 subinde
372 699 605 752 imaginem
637 698 757 741 addit
790 701 832 740 at
849 698 1027 753 facibus
1047 712 1192 754 saepes
1213 698 1372 749 ardent,
1404 711 1513 751 quas
1531 697 1650 752 forte
1679 696 1815 738 viator

159 768 222 812 <vel
251 767 380 811 nimis
409 767 603 817 admovit,
647 768 707 810 cel
736 767 844 809 clam
874 767 951 810 sub
982 767 1070 810 luce
1099 767 1264 820 reliquit
1273 782 1285 818 ;
1317 771 1362 809 et
1391 773 1477 809 met
1497 766 1570 809 VI.
1602 766 1700 810 456.
1731 780 1815 808 non

158 852 278 881 secus
307 836 478 889 eoearsit,
509 851 639 891 qua-m
669 838 709 879 si
739 836 834 891 quis
864 836 982 878 canis
1012 837 1149 891 ionem
1178 839 1387 890 supponat
1417 836 1563 878 aristis
1593 839 1666 878 aad
1684 836 1814 890 fron-

158 907 251 950 dem
283 906 530 960 positasque
573 909 721 948 cremet
753 906 992 961 faenilibus
1037 905 1200 948 herbas.
1262 905 1402 959 Ligna
1446 906 1561 948 vitea
1606 906 1691 947 iam
1722 909 1814 947 tum

158 980 258 1031 post,
287 975 522 1018 vindemias
562 980 752 1018 cremata
784 988 876 1019 esse
919 976 1153 1029 perspicias
1205 989 1229 1018 e
1261 976 1522 1029 Theognidis
1571 976 1693 1019 1359.
1734 979 1814 1030 χρὴ

158 1049 236 1101 γάρ
273 1062 332 1087 τοι
364 1047 617 1099 περὶπαῖδα
655 1048 903 1099 πονούμενον
938 1047 977 1095 ἐς
1015 1048 1208 1101 φιλότητα
1255 1045 1391 1100 ὥσπερ
1431 1045 1660 1102 κληματίνῃ)
1698 1049 1815 1099 stipa

158 1117 252 1170 πυρὶ
281 1117 501 1170 προςάγειν.

297 1217 421 1261 vitis
453 1218 500 1261 et
530 1217 721 1261 hedera.
783 1217 974 1260 Uvarum
1015 1218 1194 1260 dulcedo
1238 1222 1304 1260 est
1335 1217 1413 1260 Ov.
1446 1222 1546 1260 met.
1579 1217 1694 1260 XIII.
1730 1216 1813 1259 705

159 1290 331 1331 matura
360 1286 526 1330 dulcior
555 1301 650 1329 uva.
711 1300 815 1330 uvas
848 1288 993 1341 nigras
1032 1292 1080 1330 ut
1111 1287 1296 1341 optimas
1338 1287 1488 1330 laudat
1519 1285 1611 1330 Cat.
1647 1287 1712 1329 17.
1748 1287 1815 1330 16.

160 1355 420 1400 asservanda
448 1357 693 1411 niqerrimis
723 1357 966 1411 diliyentior
996 1358 1091 1400 uvis
1122 1369 1301 1399 uvarum
1324 1369 1551 1410 passarum
1583 1356 1743 1398 mentio
1765 1354 1814 1398 fit

161 1426 339 1471 Theocl’.
373 1425 440 1469 27.
473 1427 512 1469 9.
552 1427 577 1468 οἱ
606 1428 797 1482 σταιχιῑλὶς
826 1430 970 1482 σταᾳίς
1001 1427 1083 1468 ἔστι
1112 1430 1156 1469 et
1186 1426 1330 1480 Pl'iap.
1370 1426 1438 1469 32.
1473 1426 1494 1467 l
1526 1426 1622 1468 uvis
1653 1424 1818 1468 aridior

151 1494 302 1550 puella
335 1495 497 1548 passis.
578 1493 663 1537 Sed
713 1498 907 1548 tempore
957 1495 1081 1538 modo
1134 1507 1207 1538 eas
1257 1495 1401 1537 dulces
1453 1493 1547 1536 fieri
1600 1494 1819 1537 contendit

160 1563 353 1606 Tibullus
382 1563 416 1608 Ι.
446 1564 487 1605 4.
521 1562 588 1607 19.
633 1577 771 1606 annus
815 1565 860 1606 in
906 1565 1066 1617 apricis
1109 1568 1299 1606 maturat
1340 1563 1517 1606 collibus
1560 1577 1679 1606 uvas.
1754 1563 1816 1605 Ex

160 1632 368 1676 Italorum
410 1645 529 1675 more
570 1632 748 1676 arbores
774 1624 950 1676 'vitibus
989 1633 1279 1676 circumdandi
1320 1632 1536 1676 fluxerunt
1575 1633 1704 1686 Verg.
1739 1633 1815 1676 ecl.

160 1703 200 1747 5.
232 1701 300 1745 32.
333 1702 431 1744 vitis
460 1705 508 1744 ut
536 1701 762 1745 arboribus
793 1702 932 1745 decori
962 1706 1032 1753 est,
1066 1706 1112 1745 ut
1140 1703 1296 1745 vitibus
1327 1717 1442 1745 uvae.
1505 1701 1597 1746 Cat.
1628 1702 1695 1746 61.
1722 1702 1816 1745 106.

161 1771 274 1814 lenta
303 1772 405 1826 quin
435 1771 546 1814 velut
575 1770 739 1814 adsitas
771 1772 867 1814 vitis
896 1771 1087 1826 implicat
1117 1771 1290 1814 arbores
1320 1795 1377 1800 —
1407 1771 1475 1815 62.
1508 1772 1576 1814 49.
1610 1775 1657 1813 ut
1686 1771 1818 1814 vidua

161 1841 207 1883 in
236 1840 349 1883 nudo
379 1840 478 1883 vitis
507 1854 613 1895 quae
643 1841 834 1883 nascitur
864 1854 966 1884 arvo
1007 1854 1226 1895 nunquam
1266 1854 1354 1884 sese
1383 1840 1554 1893 extollit,
1601 1854 1819 1895 nunquam

161 1910 302 1952 mitem
331 1909 481 1952 educat
508 1923 646 1962 uvam,
691 1909 766 1952 sed
796 1913 981 1952 tenerum
1013 1924 1153 1963 prono
1190 1909 1407 1964 deflectens
1438 1910 1627 1964 pondere
1667 1923 1819 1964 corpus

161 1979 339 2022 iamiam
383 1979 585 2034 continyit
628 1993 838 2022 summum
874 1979 1019 2022 radice
1045 1979 1274 2035 flayellum,
1317 1979 1426 2022 hane
1455 1980 1565 2023 nulli
1595 1979 1817 2035 ayricolae,

162 2047 272 2091 nulli
302 2047 463 2091 coluere
493 2047 683 2091 bubulci:
715 2052 761 2091 at
795 2050 835 2091 si
861 2050 973 2104 forte
1016 2049 1200 2092 eademst
1242 2050 1356 2092 ulmo
1402 2050 1623 2092 coniuncta
1651 2050 1818 2102 marito,

161 2117 285 2160 multi
313 2117 434 2160 illam
464 2118 687 2173 apricolae‚
730 2119 853 2161 multi
883 2119 1044 2162 coluere
1075 2119 1254 2162 bubulci.
1317 2119 1393 2162 Ov.
1438 2119 1528 2162 her.
1561 2120 1600 2163 5.
1633 2120 1702 2162 47.
1735 2134 1819 2162 non

162 2186 224 2229 sic
264 2187 472 2242 appositis
510 2188 693 2230 vincitur
732 2187 888 2231 vitibus
932 2188 1071 2231 ulnus.
1135 2188 1219 2231 Sed
1261 2189 1391 2232 etiam
1441 2189 1601 2231 hedera
1642 2188 1819 2233 arbores

165 2254 562 2298 circumdabantur:
607 2256 783 2301 TheOCI'.
816 2256 885 2302 20.
919 2255 986 2300 21.
1008 2260 1071 2299 καὶ
1108 2260 1184 2313 γάρ
1212 2259 1302 2311 ἐμοὶ
1329 2261 1373 2300 τὸ
1411 2261 1610 2313 πάροιθεν
1636 2259 1820 2300 ἕπάνθεν

164 2326 241 2367 ἁδὺ
261 2342 304 2367 το
330 2328 480 2377 κάλλος,
509 2327 563 2377 (ὗς
589 2331 720 2378 κισσὸς
748 2329 837 2369 ποτὶ
865 2327 1050 2382 πρέμνον.
1086 2327 1178 2372 Cat.
1222 2328 1291 2373 61.
1338 2327 1405 2371 31.
1455 2331 1630 2371 mentem
1679 2342 1821 2371 amore

163 2394 405 2447 revinciens,
446 2399 494 2438 ut
523 2399 649 2438 tenax
692 2395 845 2439 hedera
876 2396 956 2438 huc
1001 2400 1039 2439 et
1082 2396 1162 2439 huc
1207 2397 1400 2440 arborem
1437 2397 1627 2452 implicat
1656 2411 1818 2440 errans.

165 2463 243 2508 OV.
275 2467 375 2507 met.
407 2463 480 2509 IV.
513 2464 609 2508 365.
642 2469 735 2508 utve
764 2465 898 2508 solent
926 2464 1102 2508 hederae
1133 2466 1277 2521 lonyos
1308 2467 1489 2510 intexere
1520 2470 1702 2510 truncos.

305 2565 511 2613 Arbores
548 2568 615 2612 his
660 2570 907 2623 praeceptis
948 2570 1033 2612 iam
1080 2570 1195 2624 ipsas
1242 2584 1412 2625 unaque
1454 2583 1549 2614 cum
1600 2571 1653 2614 iis
1694 2570 1820 2614 fiores

165 2636 405 2691 herbasque
448 2641 695 2682 tractemus.
758 2639 824 2681 De
867 2643 1086 2682 crescente
1127 2640 1282 2683 arbore
1324 2645 1414 2684 tres
1451 2640 1606 2684 afferre
1646 2653 1820 2694 possum

166 2705 490 2751 similitudines:
530 2708 634 2752 I-Ior.
667 2721 702 2752 c.
734 2708 766 2753 Ι.
801 2709 868 2751 12.
900 2709 969 2751 45.
1018 2711 1164 2752 crescit
1206 2711 1361 2754 occulto
1399 2710 1510 2754 velut
1548 2710 1676 2753 arbor
1721 2724 1821 2753 aevo

163 2775 286 2830 fama
305 2774 537 2820 Marcellis.
599 2778 726 2831 Verg.
752 2778 827 2822 ecl.
860 2779 925 2823 10.
952 2779 1019 2823 73.
1052 2780 1172 2822 cuius
1205 2794 1325 2824 amor
1346 2784 1510 2822 tantum
1540 2779 1646 2823 milei
1675 2781 1823 2823 erescit

166 2844 212 2886 in
241 2842 381 2896 horas,
414 2849 619 2899 quantum
648 2861 740 2890 vere
769 2861 874 2890 novo
894 2848 1027 2890 viridi
1046 2862 1089 2890 se
1109 2849 1263 2891 subicit
1283 2849 1420 2892 alnus.
1482 2849 1558 2891 Ov.
1592 2862 1630 2891 a.
1655 2862 1736 2892 am.
1765 2849 1818 2893 II.

166 2911 243 2954 sub
275 2926 360 2966 qua
396 2927 506 2956 nune
545 2916 722 2958 recubas
762 2916 924 2968 arbore,
967 2918 1085 2971 viryo
1114 2918 1211 2972 filit.
1282 2918 1623 2970 Magnitudinem
1654 2918 1821 2960 arboris

167 2980 458 3026 similitudinis
489 2996 618 3027 causa
658 2985 969 3028 adhibuerunt:
1017 2986 1195 3029 Theocr.
1231 2988 1296 3030 18.
1329 2988 1398 3031 30.
1451 2990 1661 3041 (Κόσμος)
1705 2990 1831 3046 κάπῳ,

167 3054 418 3106 κυπάρισσος.
471 3052 600 3106 Verg.
634 3054 710 3096 ecl.
746 3056 782 3096 1.
815 3055 882 3097 24.
915 3069 1059 3098 verum
1088 3055 1189 3098 haec
1220 3059 1383 3098 tant-um
1415 3057 1527 3099 alias
1557 3057 1667 3098 inter
1697 3060 1822 3110 eaput

169 3120 318 3164 extulit
347 3121 482 3175 urbes,
529 3127 733 3179 quantum
764 3124 872 3168 lenta
903 3124 1035 3169 solent
1076 3126 1185 3169 inter
1214 3125 1397 3169 viburna
1438 3126 1637 3182 cupressi.
1671 3126 1746 3169 ecl.
1779 3126 1819 3171 5.
