2086 3470
933 166 1215 209 „58-

263 306 429 348 Aristas
480 306 630 355 etiam,
687 308 733 346 ut
777 304 942 357 copiam
988 315 1184 355 magnam
1239 300 1547 354 significarent,
1607 300 1892 343 adhibuerunt

263 373 457 417 Catullus
476 374 544 417 48.
567 374 605 416 5.
639 372 854 425 Vergilius
878 371 979 415 Aen.
1012 371 1102 413 VII.
1129 371 1222 414 720.
1247 370 1424 413 Ovidius
1455 382 1490 412 a.
1524 382 1604 411 am.
1636 369 1668 412 I.
1689 369 1756 412 57.
1789 373 1890 412 met.

262 442 334 486 XI.
366 442 462 485 614.
495 441 594 483 trist
623 441 694 483 IV.
729 439 822 484 157.
855 453 906 482 ex
938 439 981 481 P.
1012 439 1065 481 II.
1100 441 1136 483 7.
1169 438 1223 481 25
1254 451 1305 481 ex
1336 439 1380 482 P.
1412 438 1482 480 IV.
1518 438 1582 482 15.
1615 439 1652 480 9.

399 510 550 560 Ignis.
612 509 719 561 Agri
765 514 938 551 urentes
981 507 1228 561 frequentes
1272 510 1371 549 sunt
1416 507 1457 548 in
1489 505 1888 560 comparationibus.

263 577 345 620 Sed
377 590 429 619 ne
458 577 536 620 has
566 577 742 619 seorsim
773 580 1019 627 tractemus,
1053 576 1258 629 optimum
1290 576 1385 627 erit,
1411 576 1479 618 hic
1509 587 1667 625 omnes,
1699 586 1808 628 quae
1838 573 1892 616 de

262 647 360 699 igne
391 649 536 699 agunt,
570 646 907 698 comparationes
937 644 1211 697 perlustrare.
1255 644 1320 685 Ad
1351 644 1534 685 colorem
1565 643 1675 696 ignis
1705 643 1894 696 pertinet
1939 646 1941 650 ’

263 715 525 768 comparatio
556 714 641 766 illa,
675 726 783 767 quae
814 714 973 766 legitur
1011 713 1124 766 apud
1164 712 1382 754 Moschum
1422 712 1459 753 2.
1494 712 1532 753 7.
1578 716 1718 766 χρῶτα
1744 713 1821 764 μὲν
1846 713 1894 752 οὐ

261 787 405 834 λευκός,
434 786 524 837 mvl
552 783 747 833 δέἴκελος,
793 782 846 824 ad
878 782 987 833 ignis
1018 782 1104 823 vim
1134 780 1430 823 Eratosthenis
1461 779 1750 833 fragmentum
1781 779 1818 821 1.
1853 780 1890 821 1.

262 850 365 903 οἶνός
392 870 449 894 τοι
476 855 568 906 arpi
594 848 682 892 ἶσον
708 851 792 905 ἔχει
819 850 935 904 μένος
966 854 1009 892 et
1039 849 1181 891 Ovidii
1217 853 1315 890 luet.
1348 848 1462 890 XIII.
1497 849 1591 892 802.
1625 847 1764 889 acrior
1792 846 1891 902 iqui.

263 921 378 964 Talis
423 921 533 962 6111111
573 924 640 962 est
684 919 795 972 ignis
835 922 1001 968 natura,
1049 922 1096 959 ut
1128 930 1209 959 non
1250 917 1330 959 nisi
1369 917 1489 958 initio
1520 916 1712 969 extingui
1741 915 1889 969 possit.

262 990 404 1040 Initio,
450 1001 543 1031 cum
583 987 752 1030 flamma
797 987 926 1029 etiam
964 999 1098 1040 parva
1138 987 1215 1028 sit:
1263 985 1403 1030 Solon.
1447 986 1512 1027 13.
1547 985 1612 1029 14.
1651 985 1823 1041 ‹2922'215‘
1851 985 1892 1034 ἐξ

262 1059 391 1113 ὀλίγον
419 1058 585 1113 γίγνεται
607 1055 709 1098 ὥστε
738 1059 858 1110 πυρός
888 1054 1011 1097 facile
1043 1055 1164 1108 aquis
1181 1054 1466 1107 extinguitur:
1500 1053 1574 1095 Ov.
1598 1053 1687 1096 her.
1711 1052 1776 1096 16.
1797 1053 1890 1095 189.

251 1127 434 1180 flamma
463 1139 601 1168 recens
622 1139 764 1178 parca
793 1137 946 1177 sparsa
975 1123 1125 1166 resedit
1155 1137 1278 1177 aqua.
1317 1123 1478 1176 Aquam
1511 1122 1622 1164 enim
1651 1121 1741 1174 igni
1771 1120 1892 1174 quasi

263 1195 503 1248 oppositam
534 1206 640 1245 esse,
682 1197 850 1235 veteres
881 1205 963 1235 non
1003 1191 1281 1245 ignorabant:
1333 1190 1520 1243 Theogn.
1569 1189 1691 1234 1245.
1748 1188 1891 1231 οὔποθ’

264 1264 368 1318 ὕδωρ
412 1267 475 1305 καὶ
519 1268 596 1317 πῦρ
642 1263 889 1316 σπχιιλιιίξεται.
970 1261 1013 1303 Si
1059 1260 1136 1302 hOC
1197 1272 1278 1302 non
1323 1259 1382 1311 fit,
1428 1271 1563 1313 neque
1609 1259 1811 1300 alimenta
1853 1257 1893 1300 el

263 1333 540 1384 deducuntur,
573 1331 684 1386 quod
716 1331 893 1374 Ovidius
924 1330 1074 1373 suadet
1103 1342 1206 1372 rem.
1241 1342 1321 1374 am.
1352 1329 1448 1371 446.
1490 1342 1693 1382 saevaque
1729 1327 1892 1369 diducto

261 1402 397 1455 stipite
416 1402 598 1455 flamma
619 1400 743 1454 perit,
786 1400 906 1454 tynis,
954 1400 1111 1453 quippe
1143 1399 1213 1452 qui
1255 1411 1483 1451 quanquam
1513 1396 1710 1438 alimenta
1739 1398 1894 1438 recuset

262 1494 318 1500 —
348 1471 458 1524 quod
489 1470 600 1523 apud
631 1470 810 1512 eundem
841 1469 958 1521 legas
990 1471 1078 1510 met
1100 1467 1212 1510 VIII.
1236 1467 1331 1510 837.
1363 1470 1486 1520 utque
1514 1479 1652 1518 rapax
1680 1464 1790 1519 ‘tynis
1809 1478 1892 1506 non

262 1553 449 1593 unquam
479 1538 675 1581 alimenta
703 1541 867 1580 recusat
895 1538 1218 1590 innumerasque
1255 1535 1391 1578 trabes
1421 1537 1573 1576 cremat
1602 1537 1638 1576 ct
1667 1547 1745 1587 quo
1776 1532 1894 1586 copia

264 1608 398 1650 maior
427 1611 485 1650 cst
514 1608 626 1659 data,
648 1607 782 1659 ptura
793 1606 898 1659 petit
916 1606 1116 1658 turbaque
1145 1604 1334 1647 voracior
1353 1604 1447 1658 ‘ipsa
1467 1607 1527 1646 est
1555 1627 1611 1632 -
1640 1602 1763 1656 ignis,
1785 1601 1890 1654 dico,

263 1677 306 1718 in
337 1677 587 1718 immensum
619 1675 783 1717 crescit.
816 1674 1049 1727 Praecipue
1080 1677 1223 1715 autem
1244 1672 1417 1726 sulpure
1450 1676 1492 1714 et
1512 1671 1718 1713 bitumine
1740 1670 1890 1712 alitur:

264 1745 366 1787 Hor.
399 1745 520 1797 epod.
551 1745 590 1788 5.
623 1744 689 1785 81.
724 1743 800 1785 Ov.
832 1742 920 1784 her.
957 1744 993 1786 7.
1026 1742 1092 1784 25.
1135 1754 1171 1784 a.
1205 1753 1284 1783 am.
1326 1741 1378 1784 ΙΙ.
1419 1741 1504 1783 439
1545 1751 1648 1781 rem.
1682 1750 1762 1781 am.
1795 1737 1890 1781 731.

264 1813 557 1866 imprimisque
588 1812 786 1854 celeriter
818 1811 968 1853 taedae
999 1811 1098 1863 igne
1141 1810 1387 1862 capiuntur:
1429 1808 1531 1850 Hor.
1572 1820 1605 1850 c.
1646 1806 1718 1851 IV.
1749 1807 1788 1848 4.
1820 1806 1890 1848 42.

264 1881 384 1923 dirus
419 1895 498 1934 per
526 1881 649 1923 urbes
679 1879 789 1935 Afer
827 1883 872 1921 ut
902 1879 1040 1920 Italas
1077 1892 1148 1921 ceu
1179 1878 1360 1930 flamma
1394 1891 1474 1930 per
1512 1876 1656 1918 taedas
1685 1873 1890 1928 equitavit.

265 1951 340 1992 Ov.
372 1950 461 1992 her.
496 1951 561 1994 12.
594 1949 661 1992 33.
699 1963 771 1991 nec
799 1948 907 1990 notis
936 1947 1101 2001 tyntbus
1131 1946 1232 1998 arsi,
1265 1946 1381 1988 ardet
1409 1949 1455 1987 ut
1484 1945 1540 1987 ad
1569 1957 1742 1998 maynos
1761 1943 1892 1996 pinea

263 2019 385 2060 taeda
429 2018 536 2060 deos.
596 2018 684 2060 Nec
729 2029 811 2059 non
856 2019 982 2058 vento
1027 2014 1217 2057 flammas
1259 2014 1392 2056 lassas
1436 2014 1590 2055 iterum
1630 2010 1889 2063 resuscitari,

266 2087 442 2130 Ovidius
473 2090 615 2129 monet
645 2099 724 2128 am.
757 2086 789 2129 Ι.
824 2085 889 2126 12.
925 2085 990 2125 11.
1036 2083 1123 2125 vidi
1153 2097 1223 2137 eqo
1252 2082 1429 2124 iactatas
1458 2085 1566 2123 mota
1585 2081 1686 2135 face
1715 2092 1892 2122 crescere

252 2156 457 2209 flaimnas
487 2159 523 2197 et
552 2155 639 2197 vidi
667 2154 780 2196 nullo
811 2152 1055 2195 concutiente
1084 2151 1203 2192 mori.
1235 2156 1280 2193 et
1299 2154 1397 2192 met.
1420 2150 1513 2192 VII.
1539 2151 1603 2192 78.
1641 2152 1765 2202 utque
1792 2147 1892 2190 solet

264 2225 391 2267 ventis
421 2224 618 2266 alimenta
647 2236 868 2273 assumere,
900 2234 1082 2274 quaeque
1103 2233 1245 2272 parva
1273 2219 1348 2261 sub
1378 2219 1548 2261 inducta
1577 2217 1698 2259 latuit
1712 2215 1893 2259 scintilla

252 2293 425 2348 favilla,
457 2307 632 2335 crescere
652 2296 689 2334 ct
708 2292 752 2334 in
771 2295 921 2333 veteres
942 2289 1099 2344 aqitata
1128 2301 1341 2342 rcsurycrc
1369 2288 1490 2331 vire-s.
1530 2286 1664 2337 Quam
1685 2285 1891 2328 terribilis

264 2363 376 2415 ignis
417 2362 629 2404 interdum
668 2361 799 2403 fuerit
827 2384 884 2390 —
915 2365 972 2401 Α.
1006 2358 1099 2401 155.
1132 2357 1181 2404 Ξ.
1212 2358 1307 2402 396,
1344 2356 1390 2401 O.
1420 2356 1503 2399 605
1532 2379 1588 2384 —
1617 2358 1789 2408 praeter
1820 2365 1892 2396 eos

265 2431 475 2474 Aeneidos
506 2431 631 2482 locos,
666 2428 817 2483 quibus
835 2429 968 2471 silvae
986 2431 1158 2470 urentes
1176 2427 1475 2480 depinguntur,
1497 2425 1548 2466 X.
1564 2423 1660 2466 405.
1683 2422 1775 2466 XII.
1793 2422 1889 2465 521.

265 2500 370 2542 satis
407 2500 700 2542 demonstrare
742 2501 920 2550 possunt
960 2501 1049 2539 tres
1085 2497 1187 2548 loci,
1234 2495 1384 2549 quibus
1429 2493 1480 2534 de
1511 2492 1625 2545 agris
1670 2490 1892 2533 urentibus

266 2568 420 2621 agitur.
454 2568 640 2618 Quorum
671 2567 835 2620 primus
866 2569 932 2607 est
963 2565 1091 2617 Verg.
1136 2566 1238 2606 Aen.
1272 2563 1325 2606 II.
1358 2562 1452 2604 304.
1495 2560 1540 2602 tn
1569 2562 1741 2614 seyetem
1769 2557 1893 2601 veluti

265 2651 358 2678 cunt
391 2636 572 2689 flamma
605 2634 849 2689 furentibus
894 2634 1051 2675 austris
1094 2632 1237 2674 incidit
1281 2631 1390 2673 alter
1421 2629 1532 2682 apud
1564 2628 1759 2669 Ovidium
1791 2629 1890 2668 met.

265 2705 359 2747 XII.
393 2704 487 2746 274.
520 2703 695 2756 correpti
723 2702 877 2757 ‘rapida
902 2701 1025 2744 vetuti
1044 2715 1157 2755 scycs
1177 2699 1300 2742 arida
1321 2699 1502 2749 flamma,
1535 2699 1730 2738 arserunt
1748 2694 1891 2736 crines.

265 2773 420 2815 tertius
460 2772 501 2813 in
543 2771 727 2824 epistula
769 2771 978 2824 Sapphus,
1020 2782 1127 2822 quae
1166 2768 1315 2819 fertur,
1360 2768 1398 2810 9.
1457 2779 1560 2807 uror
1597 2767 1643 2806 ut
1683 2762 1893 2805 indomitis

265 2841 401 2895 ‘t'ffltem
429 2840 705 2882 eoecrccnttbus
725 2839 838 2881 euris
860 2838 1018 2892 fertilis
1040 2836 1220 2878 accensis
1240 2835 1441 2878 messibus
1471 2833 1588 2875 ardet
1607 2846 1717 2886 ayer.
1763 2831 1893 2873 Aedis

267 2909 503 2951 incendium
550 2921 632 2950 non
673 2908 756 2949 nisi
798 2907 927 2949 semel
968 2905 1280 2959 praetereundo
1325 2905 1696 2945 commemoratum
1737 2899 1890 2941 inveni.

267 2978 343 3022 OV.
376 2978 489 3019 triet.
522 2977 575 3021 II.
600 2977 694 3020 267.
726 2976 817 3030 igyne
846 2975 946 3028 quid
975 2973 1154 3015 utilius?
1182 2973 1221 3014 st
1249 2972 1343 3025 quis
1371 2975 1507 3013 tamen
1527 2983 1646 3011 urere
1665 2972 1892 3010 tectacom-

258 3049 401 3099 parat,
433 3046 611 3087 audaces
640 3045 809 3086 instruit
838 3044 930 3098 tyne
959 3056 1123 3086 manus.
1184 3042 1246 3083 De
1287 3041 1472 3082 utilitate
1512 3039 1622 3091 ignis
1651 3050 1726 3079 nos
1758 3035 1892 3078 adhuc

267 3116 473 3171 imagines
519 3127 600 3158 non
640 3113 907 3170 protulimus,
953 3112 1027 3156 sed
1068 3124 1158 3154 eain
1210 3122 1375 3166 quoque
1417 3109 1459 3151 in
1505 3104 1893 3162 comparationibus
