2086 3470
890 161 1175 206 -39-

204 300 342 356 caput.
402 300 596 356 Denique
627 301 700 355 qui
731 301 862 344 etiam
905 301 1020 355 apud
1058 313 1136 344 nos
1178 300 1379 355 frequens
1426 304 1492 344 est
1524 314 1626 344 usus
1657 301 1860 344 duritiem

205 369 426 414 cuiusdam
454 370 520 413 rei
550 369 770 413 adamanti
791 370 1066 424 comparandi
1087 371 1172 413 iam
1201 370 1313 425 apud
1336 370 1610 413 Theocritum
1641 371 1859 414 invenitur

205 439 259 483 II.
282 439 351 483 34.
382 443 430 482 τύ
444 438 662 495 δ”Ἀρτεμι
682 443 746 482 καὶ
766 443 835 482 τὸν
850 442 994 496 α’ναιδῆ
1012 443 1186 496 κινήσαις
1201 442 1417 494 ἀδάμαντα
1432 444 1478 496 ⁵⁵)
1507 447 1575 486 III.
1596 447 1647 486 39
1664 441 1730 482 καί
1756 439 1799 483 κε’
1815 445 1860 494 μ’

205 501 303 555 ἴσως
330 504 491 554 notium,
518 505 604 546 ἐπεὶ
630 506 701 546 οὐκ
729 504 981 558 οἶδαμαντίνα
1009 505 1127 546 ἐστίν.

345 572 619 627 Theatrum,
650 573 766 617 ludi.
828 573 1094 627 Imaginibus
1138 573 1192 616 ab
1239 571 1462 627 opificibus
1503 586 1610 628 quas
1654 573 1859 616 deductas

205 642 562 693 enumeravimus,
585 654 658 685 eas
679 642 976 696 adiungamus,
999 655 1105 696 quas
1128 655 1150 685 e
1173 642 1346 685 theatro
1378 642 1575 697 ludisque
1595 643 1638 685 in
1662 643 1857 685 carmina

205 722 285 754 sua
331 714 487 765 poetae
532 710 711 764 elegiaci
756 711 1030 755 induxerunt.
1090 711 1227 754 Unica
1271 723 1381 765 quae
1426 711 1645 754 theatrum
1692 714 1862 766 spectat

170 789 175 794 ·
203 779 350 834 ‚imago
379 779 541 833 legitur
570 783 670 822 met.
703 779 778 822 III.
813 780 894 822 111

411 848 482 892 Sic
509 848 584 892 ubi
614 849 819 892 tolluntur
846 850 968 905 festis
1002 851 1157 893 aulaea
1187 850 1373 902 theatris,

410 931 582 974 suryere
610 919 736 974 siyna
764 919 897 962 solent
918 920 1188 973 primumque
1218 919 1431 963 ostendere
1464 920 1612 973 vultus,

410 991 545 1031 cetera
566 989 811 1042 paullatim,
837 989 1088 1043 placidoque
1117 989 1265 1032 educta
1295 993 1432 1032 tenore

411 1059 498 1100 tota
518 1061 670 1111 patent
701 1058 862 1112 imoque
883 1057 1015 1112 pedes
1046 1059 1091 1100 in
1120 1059 1313 1113 mmyine
1334 1062 1515 1112 ponunt.

206 1125 451 1168 Permultae
472 1130 623 1169 contra
644 1130 815 1170 exstant
846 1127 1054 1181 imagines
1086 1127 1140 1170 ad
1171 1140 1377 1181 equorum
1396 1139 1548 1170 cursus
1578 1128 1858 1181 pertinentes.

205 1194 398 1238 Gloriam
428 1195 770 1239 Thessalicorum
801 1209 1008 1252 equorum
1040 1200 1209 1251 spectat
1239 1196 1418 1239 Theocr.
1453 1198 1520 1248 18,
1552 1197 1610 1240 30

478 1272 610 1326 πιείοα
637 1271 741 1327 μέγα
767 1276 864 1331 λᾷόν
883 1272 1084 1328 ιίνέόοαμε
1111 1275 1260 1326 κόσμος
1288 1274 1443 1329 αρούοα

817 1367 821 1371 »
1033 1334 1058 1395 ἢ
1087 1334 1236 1391 ἁριιατι
1267 1338 1326 1379 &s
1310 1340 1475 1386 ςσσαλὸς
1501 1337 1631 1387 ἵππος.

206 1416 338 1458 equos
379 1403 503 1448 frena
543 1408 792 1464 lecusantes
839 1406 916 1450 Ov.
962 1406 1053 1451 hel.
1096 1406 1137 1457 4,
1169 1406 1225 1448 22
1263 1406 1469 1460 frenaque
1508 1406 1580 1448 τίετ’
1611 1406 1781 1459 patitur
1811 1404 1862 1448 de

203 1487 327 1529 ωερε
356 1477 503 1528 captus
531 1488 672 1527 equus,
707 1475 819 1519 trist.
857 1475 905 1527 V,
927 1475 968 1527 4,
989 1475 1043 1518 16
1073 1489 1186 1518 more
1215 1489 1287 1517 uec
1317 1474 1514 1518 indomiti
1541 1475 1666 1530 frena
1695 1478 1862 1518 recusat

205 1543 301 1598 equi
330 1543 436 1588 Hor.
468 1555 503 1586 c.
535 1543 611 1586 III.
646 1544 711 1596 11,
755 1544 781 1586 9
822 1558 927 1598 quae
969 1544 1078 1587 velut
1120 1545 1220 1587 latis
1257 1558 1363 1598 equa
1404 1545 1532 1586 trima
1561 1545 1722 1598 campis
1753 1543 1863 1586 ludu

204 1611 400 1656 exsultim·
429 1614 652 1667 metuitque
682 1614 811 1669 tauyi.
845 1626 891 1656 os
923 1613 1070 1656 durius
1111 1613 1187 1656 Ov.
1222 1626 1290 1656 am
1321 1613 1353 1655 I.
1387 1614 1426 1665 2,
1470 1613 1524 1657 15
1567 1627 1692 1667 asper
1731 1627 1861 1667 equus

205 1682 328 1726 duris
358 1682 627 1725 contunditur
666 1697 743 1725 ora
774 1683 944 1737 lupatis.
989 1683 1090 1725 ibid.
1124 1683 1177 1726 II.
1209 1683 1250 1733 9,
1297 1683 1351 1726 29
1390 1686 1437 1725 ut
1465 1684 1586 1737 rapit
1615 1684 1659 1725 iu
1681 1696 1861 1737 paeceps

206 1751 422 1796 dominum
450 1753 696 1806 spumantia
732 1753 901 1807 frustra
939 1753 1066 1808 frena
1103 1755 1372 1795 retentantem
1412 1751 1562 1795 durior
1600 1754 1689 1795 oris
1718 1766 1860 1806 equus.

205 1832 362 1876 equum
393 1820 562 1864 vincula
592 1822 918 1876 abrumpentem
951 1825 998 1863 Ζ.
1030 1821 1114 1866 506

531 1891 584 1942 (ὃς
611 1890 716 1935 δ’ὅτε
743 1909 800 1942 τις
827 1895 970 1942 στατὸς
995 1891 1126 1942 ἵππος,
1155 1893 1378 1947 ἀκοστήσας
1405 1892 1469 1933 ἐπὶ
1496 1894 1642 1949 φάτνῃ,

480 1961 631 2014 δεσμὸν
658 1963 886 2016 ἀπορρήξας
914 1962 1009 2019 θείῃ
1037 1961 1194 2002 πεθιόιο
1222 1961 1414 2015 κροαίνων

479 2031 637 2081 εἰωθώς
663 2032 857 2072 λούεσθαι
884 2031 1059 2085 ἐϋρρεῖος
1088 2034 1294 2084 ποταμοῖο,

479 2102 645 2142 ›cz-dadum
665 2118 672 2126 ·
693 2101 799 2153 ὑψοῦ
826 2101 869 2142 δὲ
896 2102 1000 2154 κάρη
1026 2099 1123 2154 ἔχει,
1152 2102 1258 2156 ἀμφὶ
1285 2100 1330 2142 δὲ
1358 2104 1492 2154 χαῖται

479 2168 601 2223 ὤιιιοις
629 2170 840 2212 ἀΐσσονται
859 2188 866 2194 ·
883 2170 1142 2224 ὄδίἶγλαΐηφι
1169 2172 1387 2220 πεποιθώς,

478 2240 611 2295 ῥίμφα
638 2240 657 2282 ὲ
685 2244 808 2295 γοῦνα
834 2239 942 2295 φέρει
970 2242 1077 2293 μετά
1104 2238 1252 2294 τ’ἥθεα
1273 2242 1337 2281 καὶ
1364 2243 1489 2293 νομὸν
1516 2237 1662 2281 ἵππων.

207 2308 340 2363 Verg.
372 2308 477 2352 Aen.
508 2309 581 2351 XI.
614 2309 711 2352 492.
745 2309 884 2363 qualis
916 2308 988 2351 ubi
1020 2308 1217 2363 abruptis
1247 2308 1360 2362 fugit
1389 2308 1647 2362 praesaepia
1678 2307 1831 2350 vinclis

480 2378 654 2421 tandem
686 2377 796 2422 liber
829 2390 963 2432 equus
994 2390 1230 2432 campoque
1260 2379 1427 2431 potitus
1458 2381 1609 2432 aperto

481 2450 558 2490 aut
587 2448 660 2491 ille
690 2449 733 2491 in
764 2452 915 2502 pastus
946 2451 1225 2503 armentaque
1256 2448 1396 2491 tendit
1428 2459 1635 2502 equarum

479 2521 554 2560 aut
584 2517 790 2561 adsuetus
820 2531 957 2572 aquae
987 2518 1187 2572 perfundi
1218 2517 1392 2561 flumine
1423 2520 1525 2560 noto

480 2587 636 2630 emicat
666 2587 932 2642 arrectisque
964 2586 1111 2630 fremit
1142 2587 1380 2630 cervicibus
1411 2586 1499 2629 alte

480 2655 715 2709 luxurians,
747 2656 985 2711 luduntque
1017 2656 1142 2699 iubae
1172 2669 1251 2710 per
1283 2656 1406 2707 colla,
1437 2667 1517 2710 per
1548 2667 1703 2699 armos.

205 2724 415 2779 Tempore
447 2737 554 2779 opus
584 2738 678 2769 csse
700 2726 754 2769 ad
781 2738 911 2780 equos
932 2726 1040 2768 bene
1062 2725 1348 2769 instituendos
1370 2724 1503 2768 habes
1533 2737 1571 2767 a.
1604 2737 1686 2767 am.
1720 2723 1752 2768 I.
1771 2723 1858 2766 472

205 2797 383 2848 tempore
425 2794 534 2837 lenta
573 2795 670 2848 pati
703 2795 838 2849 frena
883 2795 1079 2837 (locentur
1118 2794 1222 2848 equi.
1283 2794 1366 2837 Ubi
1398 2793 1595 2836 educatio
1634 2793 1729 2847 equi
1762 2805 1862 2846 per-

343 2919 388 2966 5⁵)
415 2919 530 2963 ἀναιδῆ
579 2920 738 2956 coniecit
773 2919 915 2964 Taylor.
977 2920 1020 2955 In
1057 2920 1162 2957 codd.
1200 2922 1256 2955 est
1289 2919 1324 2952 ἒν
1357 2918 1420 2961 ἅδῃ
1446 2931 1475 2954 e.
1513 2931 1547 2964 p.
1574 2918 1608 2951 ἒν
1633 2915 1696 2950 {ida
1719 2918 1755 2955 k.
1782 2917 1863 2959 Call

206 2977 342 3014 Versus
367 2989 454 3013 sane
479 2980 678 3024 corruptus
703 2980 768 3022 est,
803 2977 868 3013 sed
892 2978 995 3013 haud
1021 2978 1110 3021 scio,
1147 2988 1194 3013 an
1219 2989 1292 3013 vox
1314 2977 1428 3019 Ἀίδης
1452 2978 1490 3012 in
1526 2988 1569 3011 eo
1596 2977 1718 3021 fuerit,
1757 2987 1862 3021 prae-

203 3035 334 3071 sertim
359 3047 445 3071 cum
477 3036 686 3071 adamantis
720 3035 819 3081 apud
853 3035 992 3070 inferos
1027 3035 1252 3070 mentionem
1287 3035 1399 3070 etiam
1432 3034 1648 3080 Propertius
1685 3034 1798 3069 faciat
1821 3034 1859 3071 V.

205 3094 259 3129 11.
284 3093 317 3129 3.
343 3104 421 3129 cum
445 3094 550 3129 semel
572 3094 740 3139 infernas
764 3094 952 3130 intrarunt
969 3093 1109 3138 funera
1133 3093 1235 3139 leycs‚
1266 3103 1340 3128 uon
1364 3096 1514 3129 morato
1540 3096 1640 3128 stant
1670 3091 1863 3128 adamante

202 3152 285 3188 viae
309 3151 375 3197 qui
401 3151 505 3187 locus
530 3150 712 3188 Graecam
738 3151 856 3198 spirat
880 3150 1109 3198 religionem.
