2086 3470
874 150 1160 194 ...55-

191 292 341 336 eodem
372 292 464 335 loco
496 291 661 334 versari
708 303 792 333 non
837 289 988 343 solent,
1037 293 1179 332 tamen
1224 289 1426 332 luscinias
1456 288 1636 332 induxit.
1698 288 1840 342 Certe,

191 362 294 418 quia
323 361 439 416 apud
459 373 556 404 eum
586 363 772 414 poetam,
796 371 922 414 quem
954 359 997 401 in
1027 358 1174 402 fabula
1193 358 1415 401 Adonidea
1446 362 1619 401 secutus
1645 361 1723 411 est,
1756 358 1843 401 lus-

191 431 330 475 ciniae
390 430 706 474 adolescentem
767 432 983 472 mortuum
1048 428 1467 471 circumvolaverunt
1531 430 1774 482 querentes.
1790 426 1843 480 66)

191 501 356 553 Restat,
388 503 438 543 ut
467 499 519 542 de
551 497 941 552 comparationibus
972 509 1164 551 agamus,
1196 495 1350 551 quibus
1381 495 1604 540 columbae
1634 496 1840 538 inducun-

190 574 276 623 tur,
322 581 504 624 quarum
551 568 659 610 duae
705 568 870 620 docent,
917 565 1157 609 columbam
1198 565 1252 609 ab
1297 565 1539 608 hominibus
1585 569 1677 608 tum
1718 565 1843 608 valde

190 642 378 682 amatam
409 641 454 680 et
474 641 705 680 tractatam
726 649 839 679 esse:
873 636 966 680 Cat.
984 636 1051 678 29.
1071 636 1110 679 8.
1134 634 1448 689 perambulabit
1469 635 1655 677 omnium
1675 633 1842 687 cubilia,

189 711 235 750 ut
264 707 432 750 albulus
462 706 676 750 columbus
705 709 779 747 aut
807 704 1021 748 Adoneus.
1053 708 1098 747 et
1129 704 1206 747 OV.
1240 717 1291 747 ex
1322 703 1368 747 P.
1401 704 1476 749 III.
1509 704 1548 747 3.
1584 704 1650 747 19.
1683 707 1722 747 et
1750 703 1844 746 visa

189 781 250 821 est
293 777 423 820 oculis
451 776 629 819 horrida
669 775 810 829 plima
841 774 953 826 meis,
1000 773 1140 829 qualis
1183 773 1229 816 in
1274 774 1414 816 aeriae
1458 776 1571 828 teryo
1615 773 1718 816 solet
1756 788 1843 817 esse

126 872 129 875 -
188 846 410 899 columbae,
441 848 695 888 tractantum
726 844 878 886 multae
908 857 1037 898 quam
1067 843 1230 898 tet'iffle·re
1259 857 1424 885 man-us.
1456 843 1640 886 Veteres
1673 855 1842 898 quoque

189 929 283 959 eam
313 915 553 970 improbam
585 919 629 957 et
659 914 861 957 lascivam
907 914 1000 956 esse
1032 912 1277 965 credidisse,
1321 913 1476 955 docent
1515 911 1608 957 Cat.
1641 912 1709 957 68.
1744 911 1839 955 125.

187 1000 260 1029 nec
287 988 451 1028 tantum
480 984 597 1027 niveo
624 984 814 1039 yavisast
843 983 934 1025 ulla
972 982 1156 1024 columbo
1197 995 1354 1036 conpar
1383 996 1489 1036 quae
1519 982 1648 1024 multo
1687 982 1840 1025 dicitur

187 1054 419 1110 improbius
464 1053 607 1096 oscula
656 1053 861 1095 mordenti
908 1065 1070 1105 semiper
1115 1052 1328 1106 decerpere
1372 1054 1509 1094 rostro
1555 1066 1683 1106 quam
1736 1066 1842 1106 quae

177 1124 407 1179 praecipue
435 1122 653 1165 multivola
690 1125 749 1164 est
786 1122 947 1164 mulier.
991 1121 1115 1164 Matii
1146 1120 1198 1164 fr.
1231 1121 1271 1164 4.
1305 1121 1484 1176 sinuque
1513 1121 1695 1163 amicam
1724 1122 1842 1177 refice

174 1193 392 1250 frigidam
441 1192 560 1236 caldo
603 1191 914 1235 columbulatim
959 1191 1082 1233 labra
1127 1204 1346 1233 conserens
1391 1190 1535 1232 labris.
1550 1189 1603 1244 67)
1655 1190 1842 1245 Priapea

187 1267 333 1307 autem
362 1262 491 1305 huius
520 1261 710 1304 libidinis
758 1273 979 1316 passerem
1015 1261 1213 1303 incusant
1253 1259 1321 1303 26.
1363 1261 1402 1305 5.
1455 1260 1614 1303 vicinae
1643 1261 1734 1303 sine
1751 1261 1842 1316 fine

176 1332 420 1388 prurientes
449 1331 589 1375 vernis
609 1330 862 1385 passeribus
891 1329 1131 1373 salaciores.

325 1447 501 1503 Greges
533 1460 628 1490 cum
659 1448 770 1489 nunc
801 1445 1134 1501 pertractandos
1159 1445 1283 1488 nobis
1303 1445 1619 1499 proposuimus,
1653 1445 1839 1499 primum

185 1530 364 1571 agamus
409 1517 462 1560 de
503 1516 761 1571 pastoribus.
823 1516 983 1558 Eorum
1027 1515 1188 1557 mentio
1229 1513 1280 1556 fit
1323 1513 1399 1556 Ov.
1426 1506 1555 1556 trist.
1590 1513 1661 1557 IV.
1697 1515 1733 1557 1.
1769 1514 1836 1557 11.

176 1587 324 1642 fessus
354 1589 399 1628 ut
428 1585 614 1628 incubuit
644 1585 788 1628 baculo
828 1598 980 1627 saxove
1010 1583 1162 1626 resedit
1193 1586 1358 1637 pastor,
1391 1582 1625 1625 arundineo
1655 1583 1840 1626 carmine

185 1656 332 1699 nitilcet
369 1669 485 1710 opus.
547 1655 675 1708 Verg.
718 1654 875 1707 Georg.
918 1654 990 1698 IV.
1031 1653 1129 1696 433.
1170 1653 1258 1706 ipse
1298 1652 1407 1695 ‘velut
1442 1652 1598 1694 stabuli
1628 1655 1765 1695 custos
1793 1652 1840 1695 in

184 1724 392 1768 montibus
423 1724 532 1777 olim,
564 1738 706 1778 vesper
735 1723 808 1766 ubi
837 1738 857 1766 e
877 1726 1011 1777 pastu
1041 1722 1193 1764 vitulos
1223 1722 1281 1764 ad
1300 1725 1403 1764 tecta
1423 1721 1583 1764 reducit
1603 1722 1839 1777 auditisque

183 1795 305 1849 lupos
335 1797 490 1837 acuunt
519 1794 728 1848 balatibus
758 1793 869 1848 ayni,
911 1792 1088 1835 considit
1127 1791 1296 1845 scopulo
1336 1790 1498 1834 medius
1536 1805 1839 1847 numerumque

182 1867 370 1908 recmlset.
402 1865 449 1908 B.
481 1863 568 1907 480
597 1865 691 1920 ἠΰτε
717 1867 812 1918 βοῦς
840 1863 1007 1918 ἀγέληφι
1032 1861 1121 1917 μέγ’
1150 1862 1287 1916 ἔξοχος
1314 1860 1454 1903 ἔπλετο
1474 1864 1638 1903 πάντων
1664 1866 1809 1917 ταῦρος
1827 1896 1836 1904 .

183 1936 204 1978 ὖ
229 1938 308 1991 γάρ
334 1951 378 1977 τε
403 1937 565 1989 βόεσσιν
591 1932 835 1988 μεταπρέπει
866 1931 1140 1987 ἀγρομένοισιν
1181 1930 1314 1973 latine
1360 1931 1575 1983 expressit
1616 1930 1837 1984 Vergilius

182 2004 260 2047 ccl.
291 2004 331 2048 5.
363 2004 420 2047 33
449 2006 496 2045 ut
522 2002 719 2058 yreyibus
749 2001 875 2053 tauri,
919 2004 964 2043 tu
1001 2000 1125 2043 decus
1165 2013 1283 2042 omne
1313 1999 1409 2042 tuis.
1470 1999 1610 2042 Boves
1641 2003 1836 2043 aratrum

181 2073 476 2117 detractantes
516 2072 648 2115 habes
691 2072 783 2115 Cat.
830 2071 898 2114 63.
941 2070 1010 2114 38.
1052 2069 1300 2125 furibunda
1329 2068 1459 2111 simul
1495 2069 1699 2112 anhelans
1728 2084 1838 2125 vaya

180 2133 308 2195 vadit,
354 2142 542 2185 animam
587 2155 714 2196 ayens
759 2140 953 2182 comitata
998 2143 1196 2194 tympano
1227 2137 1342 2180 Attis
1378 2151 1460 2191 per
1502 2151 1632 2191 opaca
1663 2152 1836 2181 nemora

181 2211 280 2264 dux,
311 2211 437 2254 veluti
465 2210 637 2253 iuvenca
674 2210 812 2252 vitans
852 2223 958 2252 onus
996 2207 1201 2251 indomita
1233 2207 1331 2262 iuyi.
1392 2207 1519 2261 Prop.
1553 2207 1608 2252 ΙΙ.
1639 2207 1680 2252 4.
1713 2208 1754 2252 3.
1787 2221 1837 2250 ac

180 2281 306 2324 veluti
325 2280 470 2335 primo
510 2283 662 2322 taurus
702 2280 905 2322 detractat
947 2282 1108 2331 aratra,
1143 2281 1244 2332 post
1273 2277 1383 2320 venit
1412 2279 1578 2319 assueto
1609 2277 1749 2320 mollis
1779 2277 1837 2320 ad

181 2364 288 2394 arva
316 2349 426 2405 iuyo.
488 2349 565 2394 OV.
608 2362 689 2393 am.
724 2349 756 2391 Ι.
789 2350 827 2391 2.
863 2350 928 2392 13.
976 2348 1149 2391 verbera
1184 2347 1320 2401 plura
1352 2347 1517 2402 ferunt,
1563 2360 1691 2400 quam
1732 2361 1836 2400 quos

183 2420 302 2462 iuvat
346 2433 451 2461 usus
493 2418 642 2470 aratri,
683 2418 915 2461 detractant
954 2417 1099 2471 pressi
1128 2431 1222 2459 cum
1260 2417 1362 2471 iuya
1382 2415 1532 2469 prima
1562 2415 1692 2459 boves.
1742 2416 1832 2461 her.

179 2489 220 2533 4.
255 2488 321 2530 11.
351 2487 503 2536 scilicet
531 2491 578 2530 ut
606 2491 766 2530 teneros
796 2487 966 2529 laedunt
994 2486 1097 2541 iussa
1132 2486 1280 2540 prima
1317 2485 1522 2528 iuvencos.
1583 2488 1682 2528 met.
1716 2484 1834 2528 XIII.

181 2558 278 2602 798.
328 2557 492 2600 saevior
536 2556 750 2599 indomitis
792 2556 936 2599 eadem
983 2555 1164 2599 Galatea
1208 2555 1402 2598 iuvencis.
1465 2553 1550 2597 Sed
1592 2555 1725 2597 etiam
1755 2554 1829 2597 ubi

180 2627 326 2680 iugum
358 2625 474 2669 ferre
506 2625 619 2668 docti
650 2630 761 2669 sunt.
794 2650 852 2656 —
883 2626 959 2668 Ov.
1002 2638 1039 2670 a.
1082 2638 1163 2667 am.
1205 2625 1238 2669 I.
1281 2625 1380 2669 471.
1424 2627 1603 2677 tempore
1640 2623 1834 2679 difficiles

180 2695 350 2739 veniunt
379 2695 436 2737 ad
465 2698 615 2738 aratra
644 2695 817 2738 iuvenci.
869 2707 950 2737 am.
982 2695 1057 2737 ΙΙΙ.
1093 2695 1158 2739 11.
1190 2695 1258 2739 36,
1290 2707 1361 2736 nec
1391 2693 1493 2748 iuya
1522 2696 1675 2736 taurus
1705 2697 1832 2747 amat,

181 2780 288 2821 quae
317 2768 454 2807 tamen
485 2764 582 2817 odit,
614 2764 744 2807 babet.
783 2789 839 2793 ——
870 2764 1097 2806 videndum
1131 2767 1212 2815 est,
1245 2776 1297 2805 ne
1327 2762 1576 2816 inaequales
1607 2762 1685 2805 sub
1717 2762 1831 2805 idem

181 2836 329 2889 iugum
361 2834 554 2876 veniant:
598 2834 674 2878 Ov.
708 2834 798 2878 her.
831 2835 870 2877 9.
904 2834 971 2875 29.
1015 2847 1144 2887 quam
1173 2833 1281 2876 male
1310 2832 1551 2886 inaequales
1580 2832 1745 2875 veriunt
1774 2833 1832 2875 ad

181 2907 332 2946 aratra
359 2902 531 2955 iuvenci,
562 2906 661 2946 tam.
694 2903 805 2957 quod
842 2902 962 2957 quasi
995 2902 1238 2956 oppositum
1270 2905 1338 2945 est
1369 2901 1545 2955 imagini
1577 2901 1831 2945 Homericae

318 3029 362 3073 ⁶⁶)
388 3039 615 3073 quamquam
640 3039 723 3063 eam
748 3027 795 3063 ob
820 3039 971 3063 causam
996 3039 1071 3063 non
1096 3037 1182 3063 cum
1206 3027 1388 3063 Ahrensio
1414 3026 1603 3062 Parthenii
1628 3037 1759 3062 versus
1784 3037 1830 3061 ex

179 3087 386 3123 imitatione
410 3086 536 3122 Bionis
561 3086 737 3122 oriundos
762 3087 944 3132 putarem.

318 3144 363 3192 ⁰⁷)
389 3144 433 3180 cf.
459 3144 524 3180 Ov.
550 3155 621 3182 am.
647 3144 692 3181 II.
718 3144 749 3181 6.
775 3145 829 3181 56.
855 3143 983 3182 oscula
1006 3145 1071 3181 dat
1096 3143 1231 3192 cupido
1256 3143 1392 3181 blanda
1417 3143 1588 3182 columba
1614 3143 1720 3181 mari.
