2086 3470
939 737 1201 807 Vita.

1014 859 1131 876 —-·<>0—·

401 929 555 1002 Natus
595 973 687 1003 sum
729 960 906 1002 Carolus
937 960 1207 1004 Hermannus
1239 962 1394 1004 Miiller
1434 963 1501 1004 die
1540 945 1748 1006 vicesimo*
1777 976 1887 1007 nono

254 1039 411 1082 mensis
450 1039 555 1082 Julii
596 1040 704 1082 1861
749 1040 977 1083 Rastadiae
1021 1041 1236 1083 Badeniae
1274 1045 1399 1094 patre
1439 1042 1695 1096 Hermanno,
1750 1047 1888 1086 matre

254 1119 377 1162 Anna
407 1132 431 1162 e
463 1123 590 1172 gente
619 1120 818 1173 Brugier‚
859 1133 968 1174 quae
998 1124 1097 1163 ante
1127 1121 1204 1163 hos
1236 1122 1419 1175 quinque
1449 1135 1580 1165 annos
1610 1126 1779 1166 mortua
1809 1126 1887 1166 est.

255 1199 341 1242 Sub
372 1203 645 1243 auctumnum
677 1202 775 1243 anni
807 1201 917 1245 1866
946 1205 1145 1254 parentes
1175 1202 1259 1243 mei
1291 1202 1550 1245 domicilium
1571 1216 1693 1246 suum
1713 1203 1886 1246 Hanno-

253 1292 399 1322 veram
419 1281 744 1333 transtulerunt,
777 1281 849 1324 ubi
878 1281 1039 1334 primas
1059 1281 1228 1324 litteras
1260 1281 1398 1323 didici.
1429 1282 1608 1324 Ineunte
1629 1295 1738 1326 anno
1770 1283 1885 1327 1870

255 1372 348 1402 cum
378 1360 629 1414 parentibus
659 1361 1015 1414 Magdeburgiam
1045 1361 1229 1414 migravi
1259 1361 1402 1415 ibique
1425 1363 1690 1416 gymnasium
1720 1363 1888 1416 regium

253 1441 499 1484 cathedrale
520 1441 800 1495 frequentavi.
833 1442 1038 1484 Examine
1069 1442 1345 1493 maturitatis,
1377 1443 1488 1496 quod
1509 1443 1678 1496 dicitur,
1702 1442 1888 1487 feliciter

254 1525 454 1574 superato
485 1522 670 1575 primum
692 1534 835 1564 mense
856 1522 1031 1565 Octobri
1055 1521 1166 1565 1880
1187 1523 1511 1565 universitatem
1533 1522 1888 1576 Herbipolensem

252 1601 337 1643 adii
393 1604 436 1643 et
475 1601 612 1644 ordini
652 1602 941 1655 philosophico
993 1601 1232 1654 adscriptus
1277 1614 1355 1655 per
1408 1602 1490 1645 duo
1544 1603 1768 1646 semestria
1820 1603 1881 1646 ibi

253 1683 449 1724 versatus
488 1693 592 1724 sum.
653 1681 817 1723 Deinde
846 1681 1117 1734 Friburgiam
1148 1681 1398 1734 Brisgaviae
1438 1693 1506 1723 me
1544 1682 1702 1724 contuli
1744 1681 1887 1736 ibique

253 1761 429 1803 militari
460 1759 597 1803 officio
638 1760 837 1804 satisfeci.
898 1761 1005 1803 Tum
1036 1761 1282 1803 Berolinum
1311 1760 1528 1815 profectus
1568 1774 1647 1814 per
1677 1765 1884 1816 quattuor

254 1841 478 1883 selnestria
516 1841 672 1885 scholis
712 1840 888 1884 interfui
918 1841 1181 1894 Mommseni‚
1215 1841 1366 1893 Curtii,
1397 1840 1658 1895 Kirchhoffii,
1690 1841 1885 1894 Vahleni‚

253 1921 420 1974 Zelleri‚
468 1921 664 1964 Schereri
716 1934 794 1964 nec
837 1934 920 1964 non
964 1920 1141 1964 interfui
1196 1921 1569 1964 exercitationibus
1613 1921 1880 1976 philologieis

253 2001 442 2053 Maassii‚
474 2002 592 2044 cuius
623 2014 727 2055 erga
757 2014 823 2044 me
853 2001 1183 2044 benivolentiam
1214 2004 1338 2054 grato
1361 2002 1498 2043 animo
1531 2001 1721 2045 servabo.
1753 2002 1881 2045 Initio

254 2081 473 2124 semestris
513 2081 730 2124 aestivalis
762 2082 872 2125 1885
904 2081 1152 2134 Gottingam
1191 2081 1286 2123 veni
1322 2081 1463 2134 ibique
1503 2081 1645 2123 audivi
1685 2084 1730 2124 et
1759 2081 1880 2124 Mau-

254 2161 401 2203 ritium
433 2161 580 2215 Heyne
618 2164 661 2203 et
690 2161 937 2204 Udalricum
982 2161 1034 2203 de
1064 2160 1635 2212 Wilamowitz-Mollendorf,
1668 2173 1748 2214 quo
1779 2160 1885 2203 duce

255 2254 303 2284 ac
332 2241 515 2294 benigno
548 2241 742 2284 adiutore
772 2241 879 2283 hanc
909 2241 1253 2284 dissertationem
1283 2240 1526 2293 conscripsi.

800 2568 1342 2605 -Qfffflqffl
